timestamp,type,coin,price,side,outcome,shares,usdcSize,txHash
2026-03-25T00:22:38.306Z,price,ETH,2153.79000000,,,,,
2026-03-25T00:22:38.849Z,price,BTC,70578.47000000,,,,,
2026-03-25T00:22:38.868Z,price,ETH,2153.80000000,,,,,
2026-03-25T00:22:38.870Z,price,ETH,2153.81000000,,,,,
2026-03-25T00:22:38.871Z,price,ETH,2153.83000000,,,,,
2026-03-25T00:22:38.871Z,price,ETH,2153.84000000,,,,,
2026-03-25T00:22:38.873Z,price,ETH,2153.90000000,,,,,
2026-03-25T00:22:38.873Z,price,ETH,2153.91000000,,,,,
2026-03-25T00:22:38.873Z,price,ETH,2153.92000000,,,,,
2026-03-25T00:22:38.874Z,price,ETH,2153.93000000,,,,,
2026-03-25T00:22:38.874Z,price,ETH,2153.94000000,,,,,
2026-03-25T00:22:38.875Z,price,ETH,2153.95000000,,,,,
2026-03-25T00:22:38.875Z,price,ETH,2153.97000000,,,,,
2026-03-25T00:22:38.876Z,price,ETH,2153.98000000,,,,,
2026-03-25T00:22:38.876Z,price,ETH,2153.99000000,,,,,
2026-03-25T00:22:38.876Z,price,ETH,2154.00000000,,,,,
2026-03-25T00:22:38.876Z,price,ETH,2154.02000000,,,,,
2026-03-25T00:22:38.876Z,price,ETH,2154.03000000,,,,,
2026-03-25T00:22:38.948Z,price,BTC,70578.46000000,,,,,
2026-03-25T00:22:38.997Z,price,ETH,2154.04000000,,,,,
2026-03-25T00:22:39.001Z,price,ETH,2154.05000000,,,,,
2026-03-25T00:22:39.515Z,price,ETH,2154.06000000,,,,,
2026-03-25T00:22:40.047Z,price,BTC,70578.47000000,,,,,
2026-03-25T00:22:40.335Z,price,BTC,70578.46000000,,,,,
2026-03-25T00:22:41.602Z,price,BTC,70578.47000000,,,,,
2026-03-25T00:22:41.858Z,price,BTC,70578.46000000,,,,,
2026-03-25T00:22:41.978Z,price,BTC,70578.47000000,,,,,
2026-03-25T00:22:42.472Z,price,BTC,70578.46000000,,,,,
2026-03-25T00:22:43.495Z,price,ETH,2154.07000000,,,,,
2026-03-25T00:22:43.496Z,price,ETH,2154.09000000,,,,,
2026-03-25T00:22:43.496Z,price,ETH,2154.10000000,,,,,
2026-03-25T00:22:43.501Z,price,ETH,2154.12000000,,,,,
2026-03-25T00:22:43.502Z,price,ETH,2154.13000000,,,,,
2026-03-25T00:22:43.503Z,price,ETH,2154.14000000,,,,,
2026-03-25T00:22:43.517Z,price,ETH,2154.15000000,,,,,
2026-03-25T00:22:43.518Z,price,ETH,2154.16000000,,,,,
2026-03-25T00:22:43.518Z,price,ETH,2154.17000000,,,,,
2026-03-25T00:22:43.519Z,price,ETH,2154.18000000,,,,,
2026-03-25T00:22:43.519Z,price,ETH,2154.19000000,,,,,
2026-03-25T00:22:45.115Z,price,ETH,2154.18000000,,,,,
2026-03-25T00:22:45.116Z,price,ETH,2154.17000000,,,,,
2026-03-25T00:22:45.117Z,price,ETH,2154.16000000,,,,,
2026-03-25T00:22:45.117Z,price,ETH,2154.15000000,,,,,
2026-03-25T00:22:45.752Z,price,BTC,70578.47000000,,,,,
2026-03-25T00:22:46.299Z,price,BTC,70578.46000000,,,,,
2026-03-25T00:22:47.794Z,price,ETH,2154.14000000,,,,,
2026-03-25T00:22:48.715Z,price,ETH,2154.15000000,,,,,
2026-03-25T00:22:48.771Z,price,ETH,2154.16000000,,,,,
2026-03-25T00:22:48.771Z,price,ETH,2154.19000000,,,,,
2026-03-25T00:22:48.771Z,price,ETH,2154.20000000,,,,,
2026-03-25T00:22:48.772Z,price,ETH,2154.21000000,,,,,
2026-03-25T00:22:48.773Z,price,ETH,2154.22000000,,,,,
2026-03-25T00:22:48.773Z,price,ETH,2154.25000000,,,,,
2026-03-25T00:22:48.774Z,price,ETH,2154.27000000,,,,,
2026-03-25T00:22:48.774Z,price,ETH,2154.28000000,,,,,
2026-03-25T00:22:49.192Z,price,BTC,70578.47000000,,,,,
2026-03-25T00:22:49.563Z,price,BTC,70578.48000000,,,,,
2026-03-25T00:22:49.563Z,price,BTC,70578.82000000,,,,,
2026-03-25T00:22:49.570Z,price,BTC,70581.16000000,,,,,
2026-03-25T00:22:49.570Z,price,ETH,2154.29000000,,,,,
2026-03-25T00:22:49.571Z,price,ETH,2154.30000000,,,,,
2026-03-25T00:22:49.572Z,price,ETH,2154.33000000,,,,,
2026-03-25T00:22:49.572Z,price,ETH,2154.34000000,,,,,
2026-03-25T00:22:49.573Z,price,ETH,2154.35000000,,,,,
2026-03-25T00:22:49.574Z,price,BTC,70581.17000000,,,,,
2026-03-25T00:22:49.575Z,price,BTC,70582.28000000,,,,,
2026-03-25T00:22:49.575Z,price,BTC,70582.35000000,,,,,
2026-03-25T00:22:49.575Z,price,BTC,70582.39000000,,,,,
2026-03-25T00:22:49.575Z,price,BTC,70584.18000000,,,,,
2026-03-25T00:22:49.575Z,price,BTC,70584.19000000,,,,,
2026-03-25T00:22:49.575Z,price,BTC,70584.78000000,,,,,
2026-03-25T00:22:49.575Z,price,BTC,70584.97000000,,,,,
2026-03-25T00:22:49.575Z,price,BTC,70585.35000000,,,,,
2026-03-25T00:22:49.575Z,price,BTC,70585.44000000,,,,,
2026-03-25T00:22:49.576Z,price,BTC,70585.45000000,,,,,
2026-03-25T00:22:49.576Z,price,BTC,70585.53000000,,,,,
2026-03-25T00:22:49.576Z,price,BTC,70585.76000000,,,,,
2026-03-25T00:22:49.576Z,price,BTC,70585.85000000,,,,,
2026-03-25T00:22:49.696Z,price,BTC,70585.86000000,,,,,
2026-03-25T00:22:49.715Z,price,ETH,2154.36000000,,,,,
2026-03-25T00:22:49.716Z,price,ETH,2154.37000000,,,,,
2026-03-25T00:22:49.717Z,price,ETH,2154.40000000,,,,,
2026-03-25T00:22:49.718Z,price,ETH,2154.41000000,,,,,
2026-03-25T00:22:50.220Z,price,ETH,2154.42000000,,,,,
2026-03-25T00:22:50.221Z,price,ETH,2154.43000000,,,,,
2026-03-25T00:22:50.221Z,price,ETH,2154.44000000,,,,,
2026-03-25T00:22:50.221Z,price,ETH,2154.45000000,,,,,
2026-03-25T00:22:50.222Z,price,ETH,2154.46000000,,,,,
2026-03-25T00:22:50.222Z,price,ETH,2154.48000000,,,,,
2026-03-25T00:22:50.222Z,price,ETH,2154.49000000,,,,,
2026-03-25T00:22:50.222Z,price,ETH,2154.50000000,,,,,
2026-03-25T00:22:50.223Z,price,ETH,2154.51000000,,,,,
2026-03-25T00:22:50.223Z,price,ETH,2154.52000000,,,,,
2026-03-25T00:22:50.223Z,price,ETH,2154.53000000,,,,,
2026-03-25T00:22:50.223Z,price,ETH,2154.54000000,,,,,
2026-03-25T00:22:50.224Z,price,ETH,2154.55000000,,,,,
2026-03-25T00:22:50.224Z,price,ETH,2154.56000000,,,,,
2026-03-25T00:22:50.224Z,price,ETH,2154.57000000,,,,,
2026-03-25T00:22:50.588Z,price,BTC,70585.85000000,,,,,
2026-03-25T00:22:53.652Z,price,BTC,70585.86000000,,,,,
2026-03-25T00:22:53.857Z,price,BTC,70585.85000000,,,,,
2026-03-25T00:22:57.488Z,price,BTC,70585.86000000,,,,,
2026-03-25T00:22:57.911Z,price,BTC,70585.85000000,,,,,
2026-03-25T00:22:58.258Z,price,ETH,2154.58000000,,,,,
2026-03-25T00:22:58.260Z,price,ETH,2154.59000000,,,,,
2026-03-25T00:22:58.260Z,price,ETH,2154.60000000,,,,,
2026-03-25T00:22:58.261Z,price,ETH,2154.62000000,,,,,
2026-03-25T00:22:58.261Z,price,ETH,2154.63000000,,,,,
2026-03-25T00:22:58.261Z,price,ETH,2154.64000000,,,,,
2026-03-25T00:22:58.262Z,price,ETH,2154.65000000,,,,,
2026-03-25T00:22:58.262Z,price,ETH,2154.66000000,,,,,
2026-03-25T00:22:58.263Z,price,ETH,2154.67000000,,,,,
2026-03-25T00:22:58.264Z,price,ETH,2154.68000000,,,,,
2026-03-25T00:22:58.337Z,price,BTC,70585.86000000,,,,,
2026-03-25T00:22:59.999Z,price,BTC,70585.85000000,,,,,
2026-03-25T00:23:00.674Z,price,ETH,2154.69000000,,,,,
2026-03-25T00:23:00.675Z,price,ETH,2154.70000000,,,,,
2026-03-25T00:23:00.676Z,price,ETH,2154.71000000,,,,,
2026-03-25T00:23:00.676Z,price,ETH,2154.73000000,,,,,
2026-03-25T00:23:01.068Z,price,ETH,2154.74000000,,,,,
2026-03-25T00:23:01.094Z,price,BTC,70585.86000000,,,,,
2026-03-25T00:23:01.101Z,price,ETH,2154.75000000,,,,,
2026-03-25T00:23:01.102Z,price,ETH,2154.76000000,,,,,
2026-03-25T00:23:01.102Z,price,ETH,2154.77000000,,,,,
2026-03-25T00:23:01.103Z,price,ETH,2154.78000000,,,,,
2026-03-25T00:23:01.104Z,price,ETH,2154.79000000,,,,,
2026-03-25T00:23:01.104Z,price,ETH,2154.80000000,,,,,
2026-03-25T00:23:01.106Z,price,ETH,2154.81000000,,,,,
2026-03-25T00:23:01.106Z,price,BTC,70585.87000000,,,,,
2026-03-25T00:23:01.107Z,price,BTC,70586.22000000,,,,,
2026-03-25T00:23:01.107Z,price,BTC,70587.10000000,,,,,
2026-03-25T00:23:01.107Z,price,BTC,70587.11000000,,,,,
2026-03-25T00:23:01.107Z,price,BTC,70587.12000000,,,,,
2026-03-25T00:23:01.108Z,price,BTC,70587.27000000,,,,,
2026-03-25T00:23:01.108Z,price,ETH,2154.85000000,,,,,
2026-03-25T00:23:01.108Z,price,BTC,70587.72000000,,,,,
2026-03-25T00:23:01.108Z,price,BTC,70588.42000000,,,,,
2026-03-25T00:23:01.109Z,price,BTC,70588.59000000,,,,,
2026-03-25T00:23:01.120Z,price,ETH,2154.86000000,,,,,
2026-03-25T00:23:01.133Z,price,ETH,2154.87000000,,,,,
2026-03-25T00:23:01.384Z,price,BTC,70589.31000000,,,,,
2026-03-25T00:23:01.566Z,price,BTC,70589.32000000,,,,,
2026-03-25T00:23:01.566Z,price,BTC,70589.41000000,,,,,
2026-03-25T00:23:01.567Z,price,BTC,70590.24000000,,,,,
2026-03-25T00:23:01.578Z,price,BTC,70590.96000000,,,,,
2026-03-25T00:23:01.579Z,price,BTC,70590.97000000,,,,,
2026-03-25T00:23:01.579Z,price,BTC,70591.08000000,,,,,
2026-03-25T00:23:01.579Z,price,BTC,70591.41000000,,,,,
2026-03-25T00:23:01.579Z,price,BTC,70591.81000000,,,,,
2026-03-25T00:23:01.579Z,price,BTC,70592.35000000,,,,,
2026-03-25T00:23:01.579Z,price,BTC,70592.36000000,,,,,
2026-03-25T00:23:01.580Z,price,BTC,70592.40000000,,,,,
2026-03-25T00:23:01.580Z,price,BTC,70592.61000000,,,,,
2026-03-25T00:23:01.580Z,price,BTC,70592.71000000,,,,,
2026-03-25T00:23:01.580Z,price,BTC,70592.88000000,,,,,
2026-03-25T00:23:01.580Z,price,BTC,70592.94000000,,,,,
2026-03-25T00:23:01.580Z,price,BTC,70593.21000000,,,,,
2026-03-25T00:23:01.580Z,price,BTC,70593.30000000,,,,,
2026-03-25T00:23:01.580Z,price,BTC,70593.54000000,,,,,
2026-03-25T00:23:01.580Z,price,BTC,70593.74000000,,,,,
2026-03-25T00:23:01.629Z,price,BTC,70593.75000000,,,,,
2026-03-25T00:23:01.630Z,price,BTC,70594.10000000,,,,,
2026-03-25T00:23:02.359Z,price,BTC,70594.65000000,,,,,
2026-03-25T00:23:02.363Z,price,BTC,70594.66000000,,,,,
2026-03-25T00:23:02.364Z,price,BTC,70595.56000000,,,,,
2026-03-25T00:23:02.416Z,price,ETH,2154.88000000,,,,,
2026-03-25T00:23:02.418Z,price,ETH,2154.89000000,,,,,
2026-03-25T00:23:02.419Z,price,ETH,2154.90000000,,,,,
2026-03-25T00:23:02.419Z,price,ETH,2154.91000000,,,,,
2026-03-25T00:23:02.419Z,price,ETH,2154.92000000,,,,,
2026-03-25T00:23:02.420Z,price,ETH,2154.93000000,,,,,
2026-03-25T00:23:02.420Z,price,ETH,2154.94000000,,,,,
2026-03-25T00:23:02.421Z,price,ETH,2154.96000000,,,,,
2026-03-25T00:23:02.422Z,price,ETH,2154.97000000,,,,,
2026-03-25T00:23:02.422Z,price,ETH,2154.98000000,,,,,
2026-03-25T00:23:02.422Z,price,ETH,2154.99000000,,,,,
2026-03-25T00:23:02.424Z,price,ETH,2155.00000000,,,,,
2026-03-25T00:23:02.475Z,price,BTC,70595.57000000,,,,,
2026-03-25T00:23:02.532Z,price,ETH,2155.01000000,,,,,
2026-03-25T00:23:02.533Z,price,ETH,2155.03000000,,,,,
2026-03-25T00:23:02.533Z,price,ETH,2155.04000000,,,,,
2026-03-25T00:23:02.534Z,price,ETH,2155.05000000,,,,,
2026-03-25T00:23:02.536Z,price,ETH,2155.07000000,,,,,
2026-03-25T00:23:02.538Z,price,ETH,2155.08000000,,,,,
2026-03-25T00:23:02.541Z,price,ETH,2155.09000000,,,,,
2026-03-25T00:23:02.541Z,price,ETH,2155.10000000,,,,,
2026-03-25T00:23:02.584Z,price,BTC,70596.40000000,,,,,
2026-03-25T00:23:02.584Z,price,ETH,2155.11000000,,,,,
2026-03-25T00:23:02.585Z,price,ETH,2155.13000000,,,,,
2026-03-25T00:23:02.585Z,price,ETH,2155.14000000,,,,,
2026-03-25T00:23:02.586Z,price,ETH,2155.15000000,,,,,
2026-03-25T00:23:02.586Z,price,BTC,70596.41000000,,,,,
2026-03-25T00:23:02.587Z,price,BTC,70596.82000000,,,,,
2026-03-25T00:23:02.587Z,price,BTC,70596.93000000,,,,,
2026-03-25T00:23:02.588Z,price,BTC,70597.17000000,,,,,
2026-03-25T00:23:02.639Z,price,BTC,70597.75000000,,,,,
2026-03-25T00:23:02.642Z,price,BTC,70597.76000000,,,,,
2026-03-25T00:23:02.667Z,price,BTC,70598.72000000,,,,,
2026-03-25T00:23:02.773Z,price,ETH,2155.16000000,,,,,
2026-03-25T00:23:02.773Z,price,ETH,2155.18000000,,,,,
2026-03-25T00:23:02.773Z,price,ETH,2155.19000000,,,,,
2026-03-25T00:23:02.774Z,price,ETH,2155.20000000,,,,,
2026-03-25T00:23:02.774Z,price,ETH,2155.21000000,,,,,
2026-03-25T00:23:02.774Z,price,ETH,2155.22000000,,,,,
2026-03-25T00:23:03.734Z,price,BTC,70598.73000000,,,,,
2026-03-25T00:23:04.077Z,price,BTC,70598.72000000,,,,,
2026-03-25T00:23:04.109Z,price,BTC,70598.73000000,,,,,
2026-03-25T00:23:04.195Z,price,BTC,70598.74000000,,,,,
2026-03-25T00:23:04.195Z,price,BTC,70599.04000000,,,,,
2026-03-25T00:23:04.195Z,price,BTC,70599.06000000,,,,,
2026-03-25T00:23:04.195Z,price,BTC,70599.09000000,,,,,
2026-03-25T00:23:04.195Z,price,BTC,70599.75000000,,,,,
2026-03-25T00:23:04.196Z,price,BTC,70599.86000000,,,,,
2026-03-25T00:23:04.196Z,price,BTC,70600.00000000,,,,,
2026-03-25T00:23:04.196Z,price,BTC,70600.01000000,,,,,
2026-03-25T00:23:04.196Z,price,BTC,70600.69000000,,,,,
2026-03-25T00:23:04.196Z,price,BTC,70601.16000000,,,,,
2026-03-25T00:23:04.196Z,price,BTC,70601.72000000,,,,,
2026-03-25T00:23:04.196Z,price,BTC,70602.00000000,,,,,
2026-03-25T00:23:04.196Z,price,BTC,70602.02000000,,,,,
2026-03-25T00:23:04.196Z,price,BTC,70602.19000000,,,,,
2026-03-25T00:23:04.196Z,price,BTC,70603.40000000,,,,,
2026-03-25T00:23:04.197Z,price,BTC,70603.43000000,,,,,
2026-03-25T00:23:04.197Z,price,BTC,70603.44000000,,,,,
2026-03-25T00:23:06.894Z,price,ETH,2155.23000000,,,,,
2026-03-25T00:23:06.895Z,price,ETH,2155.24000000,,,,,
2026-03-25T00:23:06.895Z,price,ETH,2155.25000000,,,,,
2026-03-25T00:23:06.895Z,price,ETH,2155.26000000,,,,,
2026-03-25T00:23:06.896Z,price,ETH,2155.29000000,,,,,
2026-03-25T00:23:06.896Z,price,ETH,2155.30000000,,,,,
2026-03-25T00:23:06.897Z,price,ETH,2155.31000000,,,,,
2026-03-25T00:23:06.897Z,price,ETH,2155.32000000,,,,,
2026-03-25T00:23:06.899Z,price,ETH,2155.33000000,,,,,
2026-03-25T00:23:07.005Z,price,BTC,70603.43000000,,,,,
2026-03-25T00:23:07.146Z,price,ETH,2155.34000000,,,,,
2026-03-25T00:23:07.146Z,price,ETH,2155.35000000,,,,,
2026-03-25T00:23:07.146Z,price,ETH,2155.39000000,,,,,
2026-03-25T00:23:07.147Z,price,ETH,2155.40000000,,,,,
2026-03-25T00:23:07.147Z,price,ETH,2155.41000000,,,,,
2026-03-25T00:23:07.147Z,price,ETH,2155.42000000,,,,,
2026-03-25T00:23:07.147Z,price,ETH,2155.43000000,,,,,
2026-03-25T00:23:07.147Z,price,ETH,2155.44000000,,,,,
2026-03-25T00:23:07.147Z,price,ETH,2155.47000000,,,,,
2026-03-25T00:23:07.147Z,price,ETH,2155.48000000,,,,,
2026-03-25T00:23:07.147Z,price,ETH,2155.49000000,,,,,
2026-03-25T00:23:07.147Z,price,ETH,2155.50000000,,,,,
2026-03-25T00:23:07.148Z,price,ETH,2155.51000000,,,,,
2026-03-25T00:23:07.148Z,price,ETH,2155.52000000,,,,,
2026-03-25T00:23:07.148Z,price,ETH,2155.53000000,,,,,
2026-03-25T00:23:07.148Z,price,ETH,2155.54000000,,,,,
2026-03-25T00:23:07.148Z,price,ETH,2155.57000000,,,,,
2026-03-25T00:23:07.148Z,price,ETH,2155.58000000,,,,,
2026-03-25T00:23:07.148Z,price,ETH,2155.59000000,,,,,
2026-03-25T00:23:07.148Z,price,ETH,2155.60000000,,,,,
2026-03-25T00:23:07.148Z,price,ETH,2155.62000000,,,,,
2026-03-25T00:23:07.149Z,price,ETH,2155.63000000,,,,,
2026-03-25T00:23:07.149Z,price,ETH,2155.64000000,,,,,
2026-03-25T00:23:07.149Z,price,ETH,2155.65000000,,,,,
2026-03-25T00:23:07.149Z,price,ETH,2155.66000000,,,,,
2026-03-25T00:23:07.149Z,price,ETH,2155.67000000,,,,,
2026-03-25T00:23:07.281Z,price,BTC,70603.44000000,,,,,
2026-03-25T00:23:08.728Z,price,BTC,70603.43000000,,,,,
2026-03-25T00:23:08.920Z,price,BTC,70603.44000000,,,,,
2026-03-25T00:23:12.667Z,price,BTC,70603.43000000,,,,,
2026-03-25T00:23:13.057Z,price,BTC,70603.44000000,,,,,
2026-03-25T00:23:14.520Z,price,ETH,2155.66000000,,,,,
2026-03-25T00:23:15.613Z,price,BTC,70603.43000000,,,,,
2026-03-25T00:23:17.525Z,price,ETH,2155.67000000,,,,,
2026-03-25T00:23:17.630Z,price,BTC,70603.44000000,,,,,
2026-03-25T00:23:17.850Z,price,ETH,2155.66000000,,,,,
2026-03-25T00:23:20.043Z,price,BTC,70603.43000000,,,,,
2026-03-25T00:23:20.102Z,price,ETH,2155.67000000,,,,,
2026-03-25T00:23:20.343Z,price,ETH,2155.68000000,,,,,
2026-03-25T00:23:20.344Z,price,ETH,2155.70000000,,,,,
2026-03-25T00:23:20.344Z,price,ETH,2155.71000000,,,,,
2026-03-25T00:23:20.345Z,price,ETH,2155.72000000,,,,,
2026-03-25T00:23:20.345Z,price,ETH,2155.73000000,,,,,
2026-03-25T00:23:20.345Z,price,ETH,2155.74000000,,,,,
2026-03-25T00:23:20.385Z,price,BTC,70603.44000000,,,,,
2026-03-25T00:23:20.558Z,price,BTC,70603.43000000,,,,,
2026-03-25T00:23:20.897Z,price,ETH,2155.73000000,,,,,
2026-03-25T00:23:21.210Z,price,ETH,2155.74000000,,,,,
2026-03-25T00:23:22.208Z,price,BTC,70603.44000000,,,,,
2026-03-25T00:23:22.340Z,price,BTC,70603.43000000,,,,,
2026-03-25T00:23:22.341Z,price,ETH,2155.73000000,,,,,
2026-03-25T00:23:22.344Z,price,ETH,2155.72000000,,,,,
2026-03-25T00:23:22.345Z,price,ETH,2155.71000000,,,,,
2026-03-25T00:23:22.345Z,price,ETH,2155.70000000,,,,,
2026-03-25T00:23:22.346Z,price,ETH,2155.69000000,,,,,
2026-03-25T00:23:22.346Z,price,ETH,2155.68000000,,,,,
2026-03-25T00:23:22.346Z,price,ETH,2155.67000000,,,,,
2026-03-25T00:23:22.346Z,price,ETH,2155.66000000,,,,,
2026-03-25T00:23:22.346Z,price,BTC,70603.42000000,,,,,
2026-03-25T00:23:22.347Z,price,BTC,70603.40000000,,,,,
2026-03-25T00:23:22.347Z,price,BTC,70602.38000000,,,,,
2026-03-25T00:23:22.348Z,price,BTC,70601.87000000,,,,,
2026-03-25T00:23:22.348Z,price,BTC,70600.30000000,,,,,
2026-03-25T00:23:22.348Z,price,BTC,70600.00000000,,,,,
2026-03-25T00:23:22.348Z,price,BTC,70599.99000000,,,,,
2026-03-25T00:23:22.348Z,price,BTC,70599.05000000,,,,,
2026-03-25T00:23:22.349Z,price,ETH,2155.65000000,,,,,
2026-03-25T00:23:22.349Z,price,BTC,70598.93000000,,,,,
2026-03-25T00:23:22.349Z,price,ETH,2155.64000000,,,,,
2026-03-25T00:23:22.349Z,price,BTC,70598.74000000,,,,,
2026-03-25T00:23:22.350Z,price,ETH,2155.63000000,,,,,
2026-03-25T00:23:22.350Z,price,ETH,2155.62000000,,,,,
2026-03-25T00:23:22.350Z,price,BTC,70598.73000000,,,,,
2026-03-25T00:23:22.350Z,price,BTC,70598.72000000,,,,,
2026-03-25T00:23:22.350Z,price,ETH,2155.60000000,,,,,
2026-03-25T00:23:22.350Z,price,ETH,2155.57000000,,,,,
2026-03-25T00:23:22.351Z,price,BTC,70598.48000000,,,,,
2026-03-25T00:23:22.351Z,price,BTC,70598.22000000,,,,,
2026-03-25T00:23:22.351Z,price,BTC,70597.85000000,,,,,
2026-03-25T00:23:22.351Z,price,BTC,70597.84000000,,,,,
2026-03-25T00:23:22.352Z,price,BTC,70597.74000000,,,,,
2026-03-25T00:23:22.352Z,price,BTC,70597.18000000,,,,,
2026-03-25T00:23:22.369Z,price,ETH,2155.56000000,,,,,
2026-03-25T00:23:22.421Z,price,ETH,2155.55000000,,,,,
2026-03-25T00:23:22.422Z,price,ETH,2155.54000000,,,,,
2026-03-25T00:23:22.423Z,price,ETH,2155.51000000,,,,,
2026-03-25T00:23:22.423Z,price,ETH,2155.50000000,,,,,
2026-03-25T00:23:22.424Z,price,ETH,2155.49000000,,,,,
2026-03-25T00:23:22.425Z,price,ETH,2155.48000000,,,,,
2026-03-25T00:23:22.425Z,price,ETH,2155.47000000,,,,,
2026-03-25T00:23:22.426Z,price,ETH,2155.44000000,,,,,
2026-03-25T00:23:22.426Z,price,ETH,2155.43000000,,,,,
2026-03-25T00:23:22.427Z,price,ETH,2155.42000000,,,,,
2026-03-25T00:23:23.532Z,price,BTC,70597.19000000,,,,,
2026-03-25T00:23:23.941Z,price,ETH,2155.43000000,,,,,
2026-03-25T00:23:23.942Z,price,ETH,2155.44000000,,,,,
2026-03-25T00:23:23.991Z,price,ETH,2155.49000000,,,,,
2026-03-25T00:23:24.000Z,price,ETH,2155.50000000,,,,,
2026-03-25T00:23:24.002Z,price,ETH,2155.51000000,,,,,
2026-03-25T00:23:24.002Z,price,ETH,2155.52000000,,,,,
2026-03-25T00:23:24.004Z,price,BTC,70597.20000000,,,,,
2026-03-25T00:23:24.004Z,price,BTC,70597.23000000,,,,,
2026-03-25T00:23:24.004Z,price,BTC,70597.24000000,,,,,
2026-03-25T00:23:24.004Z,price,BTC,70597.25000000,,,,,
2026-03-25T00:23:24.005Z,price,BTC,70597.53000000,,,,,
2026-03-25T00:23:24.009Z,price,BTC,70598.34000000,,,,,
2026-03-25T00:23:24.009Z,price,ETH,2155.55000000,,,,,
2026-03-25T00:23:24.010Z,price,BTC,70598.49000000,,,,,
2026-03-25T00:23:24.010Z,price,BTC,70598.74000000,,,,,
2026-03-25T00:23:24.010Z,price,BTC,70598.76000000,,,,,
2026-03-25T00:23:24.010Z,price,ETH,2155.56000000,,,,,
2026-03-25T00:23:24.011Z,price,ETH,2155.57000000,,,,,
2026-03-25T00:23:24.012Z,price,ETH,2155.58000000,,,,,
2026-03-25T00:23:24.020Z,price,ETH,2155.59000000,,,,,
2026-03-25T00:23:24.025Z,price,ETH,2155.60000000,,,,,
2026-03-25T00:23:24.032Z,price,ETH,2155.62000000,,,,,
2026-03-25T00:23:24.033Z,price,ETH,2155.63000000,,,,,
2026-03-25T00:23:24.042Z,price,ETH,2155.64000000,,,,,
2026-03-25T00:23:24.057Z,price,BTC,70599.04000000,,,,,
2026-03-25T00:23:24.059Z,price,BTC,70599.05000000,,,,,
2026-03-25T00:23:24.059Z,price,BTC,70599.06000000,,,,,
2026-03-25T00:23:24.081Z,price,BTC,70600.00000000,,,,,
2026-03-25T00:23:24.082Z,price,ETH,2155.65000000,,,,,
2026-03-25T00:23:24.082Z,price,ETH,2155.66000000,,,,,
2026-03-25T00:23:24.082Z,price,ETH,2155.67000000,,,,,
2026-03-25T00:23:24.083Z,price,ETH,2155.68000000,,,,,
2026-03-25T00:23:24.083Z,price,ETH,2155.69000000,,,,,
2026-03-25T00:23:24.083Z,price,ETH,2155.70000000,,,,,
2026-03-25T00:23:24.083Z,price,BTC,70600.01000000,,,,,
2026-03-25T00:23:24.083Z,price,ETH,2155.73000000,,,,,
2026-03-25T00:23:24.083Z,price,BTC,70601.09000000,,,,,
2026-03-25T00:23:24.083Z,price,BTC,70602.14000000,,,,,
2026-03-25T00:23:24.083Z,price,BTC,70602.39000000,,,,,
2026-03-25T00:23:24.084Z,price,ETH,2155.74000000,,,,,
2026-03-25T00:23:24.084Z,price,BTC,70602.60000000,,,,,
2026-03-25T00:23:24.084Z,price,BTC,70602.61000000,,,,,
2026-03-25T00:23:24.084Z,price,BTC,70603.32000000,,,,,
2026-03-25T00:23:24.084Z,price,BTC,70603.44000000,,,,,
2026-03-25T00:23:24.084Z,price,ETH,2155.75000000,,,,,
2026-03-25T00:23:24.085Z,price,BTC,70603.53000000,,,,,
2026-03-25T00:23:24.085Z,price,BTC,70603.75000000,,,,,
2026-03-25T00:23:24.085Z,price,BTC,70603.76000000,,,,,
2026-03-25T00:23:24.085Z,price,ETH,2155.76000000,,,,,
2026-03-25T00:23:24.085Z,price,BTC,70603.78000000,,,,,
2026-03-25T00:23:24.085Z,price,BTC,70603.84000000,,,,,
2026-03-25T00:23:24.085Z,price,BTC,70604.00000000,,,,,
2026-03-25T00:23:24.085Z,price,ETH,2155.77000000,,,,,
2026-03-25T00:23:24.085Z,price,BTC,70604.38000000,,,,,
2026-03-25T00:23:24.085Z,price,BTC,70605.00000000,,,,,
2026-03-25T00:23:24.085Z,price,BTC,70605.86000000,,,,,
2026-03-25T00:23:24.085Z,price,BTC,70605.87000000,,,,,
2026-03-25T00:23:24.085Z,price,ETH,2155.78000000,,,,,
2026-03-25T00:23:24.085Z,price,BTC,70605.95000000,,,,,
2026-03-25T00:23:24.086Z,price,ETH,2155.79000000,,,,,
2026-03-25T00:23:24.370Z,price,BTC,70605.99000000,,,,,
2026-03-25T00:23:24.570Z,price,ETH,2155.80000000,,,,,
2026-03-25T00:23:24.573Z,price,ETH,2155.81000000,,,,,
2026-03-25T00:23:24.574Z,price,ETH,2155.82000000,,,,,
2026-03-25T00:23:24.574Z,price,ETH,2155.83000000,,,,,
2026-03-25T00:23:24.575Z,price,ETH,2155.84000000,,,,,
2026-03-25T00:23:24.575Z,price,ETH,2155.85000000,,,,,
2026-03-25T00:23:24.575Z,price,ETH,2155.86000000,,,,,
2026-03-25T00:23:24.576Z,price,ETH,2155.87000000,,,,,
2026-03-25T00:23:24.576Z,price,ETH,2155.89000000,,,,,
2026-03-25T00:23:24.576Z,price,ETH,2155.90000000,,,,,
2026-03-25T00:23:24.870Z,price,ETH,2155.92000000,,,,,
2026-03-25T00:23:28.343Z,price,BTC,70606.00000000,,,,,
2026-03-25T00:23:29.125Z,price,BTC,70605.99000000,,,,,
2026-03-25T00:23:29.189Z,price,BTC,70606.00000000,,,,,
2026-03-25T00:23:29.719Z,price,ETH,2155.91000000,,,,,
2026-03-25T00:23:29.771Z,price,ETH,2155.90000000,,,,,
2026-03-25T00:23:29.775Z,price,ETH,2155.89000000,,,,,
2026-03-25T00:23:29.778Z,price,ETH,2155.88000000,,,,,
2026-03-25T00:23:29.788Z,price,ETH,2155.87000000,,,,,
2026-03-25T00:23:29.788Z,price,ETH,2155.86000000,,,,,
2026-03-25T00:23:29.790Z,price,ETH,2155.85000000,,,,,
2026-03-25T00:23:29.791Z,price,ETH,2155.84000000,,,,,
2026-03-25T00:23:29.793Z,price,ETH,2155.83000000,,,,,
2026-03-25T00:23:29.793Z,price,ETH,2155.82000000,,,,,
2026-03-25T00:23:29.793Z,price,ETH,2155.81000000,,,,,
2026-03-25T00:23:29.793Z,price,ETH,2155.80000000,,,,,
2026-03-25T00:23:29.794Z,price,ETH,2155.79000000,,,,,
2026-03-25T00:23:30.187Z,price,BTC,70605.99000000,,,,,
2026-03-25T00:23:31.060Z,price,ETH,2155.78000000,,,,,
2026-03-25T00:23:31.062Z,price,ETH,2155.77000000,,,,,
2026-03-25T00:23:31.062Z,price,ETH,2155.76000000,,,,,
2026-03-25T00:23:31.063Z,price,BTC,70605.98000000,,,,,
2026-03-25T00:23:31.063Z,price,ETH,2155.75000000,,,,,
2026-03-25T00:23:31.063Z,price,BTC,70605.31000000,,,,,
2026-03-25T00:23:31.070Z,price,ETH,2155.74000000,,,,,
2026-03-25T00:23:31.071Z,price,ETH,2155.73000000,,,,,
2026-03-25T00:23:31.071Z,price,ETH,2155.72000000,,,,,
2026-03-25T00:23:31.072Z,price,ETH,2155.71000000,,,,,
2026-03-25T00:23:31.072Z,price,ETH,2155.70000000,,,,,
2026-03-25T00:23:31.073Z,price,ETH,2155.69000000,,,,,
2026-03-25T00:23:31.073Z,price,ETH,2155.68000000,,,,,
2026-03-25T00:23:31.074Z,price,ETH,2155.67000000,,,,,
2026-03-25T00:23:31.074Z,price,ETH,2155.66000000,,,,,
2026-03-25T00:23:31.109Z,price,BTC,70603.53000000,,,,,
2026-03-25T00:23:31.120Z,price,ETH,2155.65000000,,,,,
2026-03-25T00:23:31.120Z,price,ETH,2155.64000000,,,,,
2026-03-25T00:23:31.121Z,price,ETH,2155.63000000,,,,,
2026-03-25T00:23:31.121Z,price,ETH,2155.62000000,,,,,
2026-03-25T00:23:31.121Z,price,ETH,2155.61000000,,,,,
2026-03-25T00:23:31.121Z,price,ETH,2155.60000000,,,,,
2026-03-25T00:23:31.121Z,price,ETH,2155.59000000,,,,,
2026-03-25T00:23:31.121Z,price,ETH,2155.58000000,,,,,
2026-03-25T00:23:31.122Z,price,ETH,2155.57000000,,,,,
2026-03-25T00:23:31.122Z,price,ETH,2155.56000000,,,,,
2026-03-25T00:23:31.122Z,price,ETH,2155.55000000,,,,,
2026-03-25T00:23:31.381Z,price,BTC,70603.54000000,,,,,
2026-03-25T00:23:31.676Z,price,BTC,70603.53000000,,,,,
2026-03-25T00:23:31.822Z,price,BTC,70603.54000000,,,,,
2026-03-25T00:23:33.075Z,price,BTC,70603.53000000,,,,,
2026-03-25T00:23:33.906Z,price,ETH,2155.54000000,,,,,
2026-03-25T00:23:34.002Z,price,BTC,70603.54000000,,,,,
2026-03-25T00:23:34.171Z,price,BTC,70603.53000000,,,,,
2026-03-25T00:23:39.468Z,price,ETH,2155.55000000,,,,,
2026-03-25T00:23:39.469Z,price,ETH,2155.56000000,,,,,
2026-03-25T00:23:40.021Z,price,BTC,70603.54000000,,,,,
2026-03-25T00:23:42.061Z,price,ETH,2155.57000000,,,,,
2026-03-25T00:23:42.243Z,price,BTC,70603.53000000,,,,,
2026-03-25T00:23:42.328Z,price,BTC,70603.54000000,,,,,
2026-03-25T00:23:43.389Z,price,BTC,70603.53000000,,,,,
2026-03-25T00:23:43.614Z,price,ETH,2155.58000000,,,,,
2026-03-25T00:23:43.614Z,price,ETH,2155.59000000,,,,,
2026-03-25T00:23:43.614Z,price,ETH,2155.60000000,,,,,
2026-03-25T00:23:43.614Z,price,ETH,2155.61000000,,,,,
2026-03-25T00:23:43.670Z,price,BTC,70603.54000000,,,,,
2026-03-25T00:23:43.680Z,price,BTC,70603.55000000,,,,,
2026-03-25T00:23:43.681Z,price,BTC,70605.00000000,,,,,
2026-03-25T00:23:43.681Z,price,BTC,70605.05000000,,,,,
2026-03-25T00:23:43.681Z,price,BTC,70605.06000000,,,,,
2026-03-25T00:23:43.924Z,price,BTC,70605.07000000,,,,,
2026-03-25T00:23:44.074Z,price,ETH,2155.65000000,,,,,
2026-03-25T00:23:44.223Z,price,BTC,70605.06000000,,,,,
2026-03-25T00:23:44.536Z,price,BTC,70605.07000000,,,,,
2026-03-25T00:23:44.578Z,price,BTC,70605.06000000,,,,,
2026-03-25T00:23:45.190Z,price,BTC,70605.07000000,,,,,
2026-03-25T00:23:46.122Z,price,BTC,70605.08000000,,,,,
2026-03-25T00:23:46.123Z,price,BTC,70605.30000000,,,,,
2026-03-25T00:23:46.123Z,price,BTC,70605.72000000,,,,,
2026-03-25T00:23:46.123Z,price,BTC,70605.99000000,,,,,
2026-03-25T00:23:46.124Z,price,BTC,70606.00000000,,,,,
2026-03-25T00:23:46.124Z,price,BTC,70606.08000000,,,,,
2026-03-25T00:23:46.124Z,price,BTC,70606.39000000,,,,,
2026-03-25T00:23:46.124Z,price,BTC,70606.40000000,,,,,
2026-03-25T00:23:46.124Z,price,BTC,70606.62000000,,,,,
2026-03-25T00:23:46.125Z,price,BTC,70606.63000000,,,,,
2026-03-25T00:23:46.125Z,price,BTC,70606.67000000,,,,,
2026-03-25T00:23:46.125Z,price,BTC,70606.79000000,,,,,
2026-03-25T00:23:46.125Z,price,BTC,70606.85000000,,,,,
2026-03-25T00:23:46.125Z,price,BTC,70607.00000000,,,,,
2026-03-25T00:23:46.125Z,price,BTC,70607.04000000,,,,,
2026-03-25T00:23:46.125Z,price,BTC,70607.06000000,,,,,
2026-03-25T00:23:46.125Z,price,BTC,70607.32000000,,,,,
2026-03-25T00:23:46.125Z,price,BTC,70607.65000000,,,,,
2026-03-25T00:23:46.125Z,price,BTC,70607.73000000,,,,,
2026-03-25T00:23:46.125Z,price,BTC,70608.00000000,,,,,
2026-03-25T00:23:46.126Z,price,BTC,70608.20000000,,,,,
2026-03-25T00:23:46.126Z,price,BTC,70609.28000000,,,,,
2026-03-25T00:23:46.126Z,price,BTC,70609.60000000,,,,,
2026-03-25T00:23:46.191Z,price,BTC,70609.61000000,,,,,
2026-03-25T00:23:46.551Z,price,BTC,70609.60000000,,,,,
2026-03-25T00:23:49.179Z,price,BTC,70609.61000000,,,,,
2026-03-25T00:23:51.342Z,price,BTC,70609.60000000,,,,,
2026-03-25T00:23:51.525Z,price,ETH,2155.64000000,,,,,
2026-03-25T00:23:51.525Z,price,ETH,2155.62000000,,,,,
2026-03-25T00:23:51.525Z,price,ETH,2155.61000000,,,,,
2026-03-25T00:23:51.526Z,price,ETH,2155.60000000,,,,,
2026-03-25T00:23:51.526Z,price,ETH,2155.59000000,,,,,
2026-03-25T00:23:51.527Z,price,ETH,2155.58000000,,,,,
2026-03-25T00:23:51.527Z,price,ETH,2155.57000000,,,,,
2026-03-25T00:23:51.527Z,price,ETH,2155.56000000,,,,,
2026-03-25T00:23:51.527Z,price,ETH,2155.55000000,,,,,
2026-03-25T00:23:55.557Z,price,BTC,70609.61000000,,,,,
2026-03-25T00:23:55.700Z,price,BTC,70609.60000000,,,,,
2026-03-25T00:23:56.173Z,price,BTC,70609.61000000,,,,,
2026-03-25T00:23:56.179Z,price,BTC,70609.62000000,,,,,
2026-03-25T00:23:56.179Z,price,BTC,70609.70000000,,,,,
2026-03-25T00:23:56.179Z,price,BTC,70609.94000000,,,,,
2026-03-25T00:23:56.179Z,price,BTC,70609.95000000,,,,,
2026-03-25T00:23:56.180Z,price,BTC,70609.98000000,,,,,
2026-03-25T00:23:56.180Z,price,BTC,70609.99000000,,,,,
2026-03-25T00:23:56.180Z,price,BTC,70610.00000000,,,,,
2026-03-25T00:23:56.181Z,price,BTC,70610.01000000,,,,,
2026-03-25T00:23:56.186Z,price,BTC,70610.59000000,,,,,
2026-03-25T00:23:56.187Z,price,BTC,70610.60000000,,,,,
2026-03-25T00:23:56.194Z,price,BTC,70611.77000000,,,,,
2026-03-25T00:23:56.195Z,price,BTC,70611.78000000,,,,,
2026-03-25T00:23:56.196Z,price,BTC,70611.79000000,,,,,
2026-03-25T00:23:56.216Z,price,BTC,70612.00000000,,,,,
2026-03-25T00:23:56.218Z,price,BTC,70612.01000000,,,,,
2026-03-25T00:23:56.218Z,price,BTC,70612.07000000,,,,,
2026-03-25T00:23:56.218Z,price,BTC,70612.36000000,,,,,
2026-03-25T00:23:56.218Z,price,BTC,70612.42000000,,,,,
2026-03-25T00:23:56.218Z,price,BTC,70612.49000000,,,,,
2026-03-25T00:23:56.219Z,price,BTC,70612.60000000,,,,,
2026-03-25T00:23:56.233Z,price,BTC,70612.95000000,,,,,
2026-03-25T00:23:56.234Z,price,BTC,70612.96000000,,,,,
2026-03-25T00:23:56.235Z,price,BTC,70612.97000000,,,,,
2026-03-25T00:23:56.235Z,price,BTC,70613.07000000,,,,,
2026-03-25T00:23:56.235Z,price,BTC,70613.67000000,,,,,
2026-03-25T00:23:56.236Z,price,BTC,70613.76000000,,,,,
2026-03-25T00:23:56.236Z,price,BTC,70614.00000000,,,,,
2026-03-25T00:23:56.236Z,price,BTC,70614.12000000,,,,,
2026-03-25T00:23:56.236Z,price,BTC,70614.57000000,,,,,
2026-03-25T00:23:56.236Z,price,BTC,70614.58000000,,,,,
2026-03-25T00:23:56.236Z,price,BTC,70614.67000000,,,,,
2026-03-25T00:23:56.236Z,price,BTC,70614.81000000,,,,,
2026-03-25T00:23:56.236Z,price,BTC,70615.02000000,,,,,
2026-03-25T00:23:56.506Z,price,BTC,70615.23000000,,,,,
2026-03-25T00:23:58.629Z,price,ETH,2155.54000000,,,,,
2026-03-25T00:23:59.466Z,price,BTC,70615.22000000,,,,,
2026-03-25T00:24:00.166Z,price,BTC,70615.23000000,,,,,
2026-03-25T00:24:00.665Z,price,ETH,2155.55000000,,,,,
2026-03-25T00:24:01.363Z,price,BTC,70615.22000000,,,,,
2026-03-25T00:24:02.061Z,price,BTC,70615.23000000,,,,,
2026-03-25T00:24:02.207Z,price,BTC,70615.22000000,,,,,
2026-03-25T00:24:02.733Z,price,BTC,70615.23000000,,,,,
2026-03-25T00:24:03.412Z,price,BTC,70615.22000000,,,,,
2026-03-25T00:24:04.190Z,price,BTC,70615.23000000,,,,,
2026-03-25T00:24:06.600Z,price,ETH,2155.54000000,,,,,
2026-03-25T00:24:06.720Z,price,BTC,70615.22000000,,,,,
2026-03-25T00:24:07.908Z,price,BTC,70615.23000000,,,,,
2026-03-25T00:24:08.036Z,price,ETH,2155.53000000,,,,,
2026-03-25T00:24:08.037Z,price,ETH,2155.52000000,,,,,
2026-03-25T00:24:08.038Z,price,ETH,2155.51000000,,,,,
2026-03-25T00:24:08.038Z,price,ETH,2155.50000000,,,,,
2026-03-25T00:24:08.039Z,price,ETH,2155.49000000,,,,,
2026-03-25T00:24:08.366Z,price,BTC,70615.22000000,,,,,
2026-03-25T00:24:10.220Z,price,ETH,2155.48000000,,,,,
2026-03-25T00:24:14.068Z,price,ETH,2155.47000000,,,,,
2026-03-25T00:24:14.069Z,price,ETH,2155.46000000,,,,,
2026-03-25T00:24:14.069Z,price,ETH,2155.45000000,,,,,
2026-03-25T00:24:14.069Z,price,ETH,2155.44000000,,,,,
2026-03-25T00:24:14.069Z,price,ETH,2155.43000000,,,,,
2026-03-25T00:24:14.069Z,price,ETH,2155.42000000,,,,,
2026-03-25T00:24:14.792Z,price,ETH,2155.41000000,,,,,
2026-03-25T00:24:14.897Z,price,BTC,70615.23000000,,,,,
2026-03-25T00:24:14.945Z,price,ETH,2155.40000000,,,,,
2026-03-25T00:24:14.946Z,price,ETH,2155.39000000,,,,,
2026-03-25T00:24:14.947Z,price,ETH,2155.38000000,,,,,
2026-03-25T00:24:14.971Z,price,ETH,2155.37000000,,,,,
2026-03-25T00:24:15.053Z,price,ETH,2155.36000000,,,,,
2026-03-25T00:24:15.054Z,price,ETH,2155.35000000,,,,,
2026-03-25T00:24:15.054Z,price,ETH,2155.34000000,,,,,
2026-03-25T00:24:15.055Z,price,ETH,2155.33000000,,,,,
2026-03-25T00:24:15.055Z,price,ETH,2155.32000000,,,,,
2026-03-25T00:24:15.055Z,price,ETH,2155.30000000,,,,,
2026-03-25T00:24:15.055Z,price,ETH,2155.29000000,,,,,
2026-03-25T00:24:15.056Z,price,ETH,2155.28000000,,,,,
2026-03-25T00:24:15.056Z,price,ETH,2155.27000000,,,,,
2026-03-25T00:24:15.056Z,price,ETH,2155.26000000,,,,,
2026-03-25T00:24:15.065Z,price,ETH,2155.25000000,,,,,
2026-03-25T00:24:15.066Z,price,ETH,2155.24000000,,,,,
2026-03-25T00:24:15.066Z,price,ETH,2155.23000000,,,,,
2026-03-25T00:24:15.066Z,price,ETH,2155.22000000,,,,,
2026-03-25T00:24:15.067Z,price,ETH,2155.21000000,,,,,
2026-03-25T00:24:15.067Z,price,ETH,2155.20000000,,,,,
2026-03-25T00:24:15.067Z,price,ETH,2155.19000000,,,,,
2026-03-25T00:24:15.067Z,price,ETH,2155.18000000,,,,,
2026-03-25T00:24:15.067Z,price,ETH,2155.17000000,,,,,
2026-03-25T00:24:15.067Z,price,ETH,2155.15000000,,,,,
2026-03-25T00:24:15.676Z,price,ETH,2155.14000000,,,,,
2026-03-25T00:24:15.678Z,price,ETH,2155.13000000,,,,,
2026-03-25T00:24:15.679Z,price,ETH,2155.12000000,,,,,
2026-03-25T00:24:15.681Z,price,ETH,2155.11000000,,,,,
2026-03-25T00:24:15.681Z,price,ETH,2155.10000000,,,,,
2026-03-25T00:24:15.701Z,price,ETH,2155.08000000,,,,,
2026-03-25T00:24:15.702Z,price,ETH,2155.07000000,,,,,
2026-03-25T00:24:15.702Z,price,ETH,2155.05000000,,,,,
2026-03-25T00:24:15.703Z,price,ETH,2155.04000000,,,,,
2026-03-25T00:24:15.704Z,price,ETH,2155.02000000,,,,,
2026-03-25T00:24:15.704Z,price,ETH,2155.01000000,,,,,
2026-03-25T00:24:15.704Z,price,ETH,2155.00000000,,,,,
2026-03-25T00:24:15.705Z,price,ETH,2154.99000000,,,,,
2026-03-25T00:24:15.717Z,price,ETH,2154.98000000,,,,,
2026-03-25T00:24:15.719Z,price,ETH,2154.97000000,,,,,
2026-03-25T00:24:15.719Z,price,ETH,2154.96000000,,,,,
2026-03-25T00:24:15.720Z,price,ETH,2154.95000000,,,,,
2026-03-25T00:24:15.720Z,price,ETH,2154.94000000,,,,,
2026-03-25T00:24:15.720Z,price,ETH,2154.93000000,,,,,
2026-03-25T00:24:15.721Z,price,ETH,2154.91000000,,,,,
2026-03-25T00:24:15.721Z,price,ETH,2154.90000000,,,,,
2026-03-25T00:24:15.722Z,price,ETH,2154.89000000,,,,,
2026-03-25T00:24:15.722Z,price,ETH,2154.88000000,,,,,
2026-03-25T00:24:15.722Z,price,ETH,2154.87000000,,,,,
2026-03-25T00:24:15.787Z,price,ETH,2154.86000000,,,,,
2026-03-25T00:24:15.788Z,price,ETH,2154.85000000,,,,,
2026-03-25T00:24:15.788Z,price,ETH,2154.84000000,,,,,
2026-03-25T00:24:15.789Z,price,ETH,2154.83000000,,,,,
2026-03-25T00:24:15.789Z,price,ETH,2154.82000000,,,,,
2026-03-25T00:24:15.789Z,price,ETH,2154.80000000,,,,,
2026-03-25T00:24:17.120Z,price,BTC,70615.22000000,,,,,
2026-03-25T00:24:17.153Z,price,BTC,70615.23000000,,,,,
2026-03-25T00:24:18.746Z,price,BTC,70615.22000000,,,,,
2026-03-25T00:24:18.762Z,price,BTC,70615.23000000,,,,,
2026-03-25T00:24:20.822Z,price,BTC,70615.22000000,,,,,
2026-03-25T00:24:21.011Z,price,ETH,2154.79000000,,,,,
2026-03-25T00:24:21.683Z,price,BTC,70615.23000000,,,,,
2026-03-25T00:24:22.716Z,price,BTC,70615.22000000,,,,,
2026-03-25T00:24:24.194Z,price,BTC,70615.23000000,,,,,
2026-03-25T00:24:24.355Z,price,BTC,70615.22000000,,,,,
2026-03-25T00:24:24.374Z,price,BTC,70615.23000000,,,,,
2026-03-25T00:24:24.567Z,price,BTC,70615.22000000,,,,,
2026-03-25T00:24:24.570Z,price,BTC,70615.21000000,,,,,
2026-03-25T00:24:24.570Z,price,BTC,70614.54000000,,,,,
2026-03-25T00:24:24.570Z,price,BTC,70614.37000000,,,,,
2026-03-25T00:24:25.081Z,price,ETH,2154.80000000,,,,,
2026-03-25T00:24:28.549Z,price,BTC,70614.36000000,,,,,
2026-03-25T00:24:28.757Z,price,ETH,2154.79000000,,,,,
2026-03-25T00:24:29.188Z,price,BTC,70614.37000000,,,,,
2026-03-25T00:24:29.396Z,price,BTC,70614.36000000,,,,,
2026-03-25T00:24:29.682Z,price,ETH,2154.80000000,,,,,
2026-03-25T00:24:30.517Z,price,BTC,70614.35000000,,,,,
2026-03-25T00:24:30.517Z,price,BTC,70614.12000000,,,,,
2026-03-25T00:24:30.518Z,price,BTC,70613.84000000,,,,,
2026-03-25T00:24:32.813Z,price,BTC,70613.12000000,,,,,
2026-03-25T00:24:33.506Z,price,BTC,70613.13000000,,,,,
2026-03-25T00:24:33.768Z,price,BTC,70613.12000000,,,,,
2026-03-25T00:24:33.771Z,price,BTC,70613.11000000,,,,,
2026-03-25T00:24:33.771Z,price,BTC,70612.94000000,,,,,
2026-03-25T00:24:33.771Z,price,BTC,70612.60000000,,,,,
2026-03-25T00:24:33.772Z,price,BTC,70612.59000000,,,,,
2026-03-25T00:24:33.773Z,price,BTC,70612.38000000,,,,,
2026-03-25T00:24:33.773Z,price,BTC,70612.08000000,,,,,
2026-03-25T00:24:33.773Z,price,BTC,70612.07000000,,,,,
2026-03-25T00:24:33.781Z,price,BTC,70612.06000000,,,,,
2026-03-25T00:24:33.782Z,price,BTC,70612.05000000,,,,,
2026-03-25T00:24:33.782Z,price,BTC,70611.99000000,,,,,
2026-03-25T00:24:33.782Z,price,BTC,70611.90000000,,,,,
2026-03-25T00:24:33.782Z,price,BTC,70611.76000000,,,,,
2026-03-25T00:24:33.869Z,price,BTC,70611.46000000,,,,,
2026-03-25T00:24:33.870Z,price,BTC,70611.45000000,,,,,
2026-03-25T00:24:33.870Z,price,BTC,70611.31000000,,,,,
2026-03-25T00:24:33.871Z,price,BTC,70611.20000000,,,,,
2026-03-25T00:24:33.871Z,price,BTC,70611.02000000,,,,,
2026-03-25T00:24:33.871Z,price,BTC,70610.61000000,,,,,
2026-03-25T00:24:33.871Z,price,BTC,70610.60000000,,,,,
2026-03-25T00:24:33.871Z,price,BTC,70610.59000000,,,,,
2026-03-25T00:24:33.871Z,price,BTC,70610.27000000,,,,,
2026-03-25T00:24:33.871Z,price,BTC,70610.15000000,,,,,
2026-03-25T00:24:33.871Z,price,BTC,70610.14000000,,,,,
2026-03-25T00:24:33.871Z,price,BTC,70610.13000000,,,,,
2026-03-25T00:24:33.871Z,price,BTC,70609.94000000,,,,,
2026-03-25T00:24:33.872Z,price,BTC,70609.93000000,,,,,
2026-03-25T00:24:33.872Z,price,BTC,70609.88000000,,,,,
2026-03-25T00:24:33.872Z,price,BTC,70609.70000000,,,,,
2026-03-25T00:24:33.872Z,price,BTC,70609.61000000,,,,,
2026-03-25T00:24:33.919Z,price,BTC,70609.60000000,,,,,
2026-03-25T00:24:33.920Z,price,BTC,70609.59000000,,,,,
2026-03-25T00:24:33.920Z,price,BTC,70607.66000000,,,,,
2026-03-25T00:24:33.920Z,price,BTC,70607.24000000,,,,,
2026-03-25T00:24:33.920Z,price,BTC,70607.06000000,,,,,
2026-03-25T00:24:33.920Z,price,BTC,70607.04000000,,,,,
2026-03-25T00:24:34.097Z,price,BTC,70605.44000000,,,,,
2026-03-25T00:24:35.434Z,price,ETH,2154.79000000,,,,,
2026-03-25T00:24:36.041Z,price,ETH,2154.80000000,,,,,
2026-03-25T00:24:39.642Z,price,BTC,70605.43000000,,,,,
2026-03-25T00:24:39.642Z,price,BTC,70605.44000000,,,,,
2026-03-25T00:24:39.700Z,price,ETH,2154.79000000,,,,,
2026-03-25T00:24:39.725Z,price,BTC,70605.43000000,,,,,
2026-03-25T00:24:40.798Z,price,BTC,70605.44000000,,,,,
2026-03-25T00:24:40.871Z,price,BTC,70605.43000000,,,,,
2026-03-25T00:24:41.023Z,price,ETH,2154.80000000,,,,,
2026-03-25T00:24:41.321Z,price,BTC,70605.44000000,,,,,
2026-03-25T00:24:42.652Z,price,BTC,70605.43000000,,,,,
2026-03-25T00:24:42.708Z,price,BTC,70605.44000000,,,,,
2026-03-25T00:24:43.653Z,price,BTC,70605.43000000,,,,,
2026-03-25T00:24:43.955Z,price,ETH,2154.79000000,,,,,
2026-03-25T00:24:45.006Z,price,BTC,70605.44000000,,,,,
2026-03-25T00:24:45.282Z,price,ETH,2154.78000000,,,,,
2026-03-25T00:24:45.300Z,price,ETH,2154.77000000,,,,,
2026-03-25T00:24:45.336Z,price,ETH,2154.78000000,,,,,
2026-03-25T00:24:45.513Z,price,ETH,2154.77000000,,,,,
2026-03-25T00:24:45.528Z,price,ETH,2154.76000000,,,,,
2026-03-25T00:24:45.530Z,price,ETH,2154.75000000,,,,,
2026-03-25T00:24:45.531Z,price,ETH,2154.74000000,,,,,
2026-03-25T00:24:45.532Z,price,ETH,2154.73000000,,,,,
2026-03-25T00:24:45.532Z,price,ETH,2154.72000000,,,,,
2026-03-25T00:24:45.533Z,price,ETH,2154.71000000,,,,,
2026-03-25T00:24:45.533Z,price,ETH,2154.70000000,,,,,
2026-03-25T00:24:46.699Z,price,BTC,70605.43000000,,,,,
2026-03-25T00:24:48.304Z,price,BTC,70605.44000000,,,,,
2026-03-25T00:24:48.652Z,price,BTC,70605.43000000,,,,,
2026-03-25T00:24:50.709Z,price,ETH,2154.69000000,,,,,
2026-03-25T00:24:50.711Z,price,ETH,2154.68000000,,,,,
2026-03-25T00:24:50.712Z,price,ETH,2154.67000000,,,,,
2026-03-25T00:24:50.818Z,price,ETH,2154.66000000,,,,,
2026-03-25T00:24:50.821Z,price,ETH,2154.65000000,,,,,
2026-03-25T00:24:50.822Z,price,ETH,2154.64000000,,,,,
2026-03-25T00:24:50.822Z,price,ETH,2154.63000000,,,,,
2026-03-25T00:24:50.822Z,price,ETH,2154.62000000,,,,,
2026-03-25T00:24:50.823Z,price,ETH,2154.61000000,,,,,
2026-03-25T00:24:50.823Z,price,ETH,2154.60000000,,,,,
2026-03-25T00:24:50.823Z,price,ETH,2154.59000000,,,,,
2026-03-25T00:24:50.824Z,price,ETH,2154.58000000,,,,,
2026-03-25T00:24:50.825Z,price,ETH,2154.57000000,,,,,
2026-03-25T00:24:50.826Z,price,ETH,2154.56000000,,,,,
2026-03-25T00:24:50.826Z,price,ETH,2154.55000000,,,,,
2026-03-25T00:24:50.826Z,price,ETH,2154.53000000,,,,,
2026-03-25T00:24:50.828Z,price,ETH,2154.52000000,,,,,
2026-03-25T00:24:50.828Z,price,ETH,2154.51000000,,,,,
2026-03-25T00:24:50.875Z,price,BTC,70605.44000000,,,,,
2026-03-25T00:24:53.672Z,price,BTC,70605.43000000,,,,,
2026-03-25T00:24:54.732Z,price,BTC,70605.44000000,,,,,
2026-03-25T00:24:56.063Z,price,ETH,2154.52000000,,,,,
2026-03-25T00:24:58.948Z,price,ETH,2154.51000000,,,,,
2026-03-25T00:24:59.009Z,price,BTC,70605.43000000,,,,,
2026-03-25T00:24:59.114Z,price,BTC,70605.44000000,,,,,
2026-03-25T00:24:59.370Z,price,BTC,70605.43000000,,,,,
2026-03-25T00:25:00.557Z,price,BTC,70605.44000000,,,,,
2026-03-25T00:25:00.574Z,price,BTC,70605.45000000,,,,,
2026-03-25T00:25:00.575Z,price,BTC,70607.06000000,,,,,
2026-03-25T00:25:00.576Z,price,BTC,70607.07000000,,,,,
2026-03-25T00:25:00.577Z,price,BTC,70608.40000000,,,,,
2026-03-25T00:25:00.577Z,price,BTC,70608.41000000,,,,,
2026-03-25T00:25:00.577Z,price,BTC,70608.42000000,,,,,
2026-03-25T00:25:00.577Z,price,BTC,70608.43000000,,,,,
2026-03-25T00:25:00.577Z,price,BTC,70608.46000000,,,,,
2026-03-25T00:25:00.577Z,price,BTC,70609.49000000,,,,,
2026-03-25T00:25:00.577Z,price,BTC,70609.61000000,,,,,
2026-03-25T00:25:00.578Z,price,BTC,70610.39000000,,,,,
2026-03-25T00:25:00.578Z,price,BTC,70610.59000000,,,,,
2026-03-25T00:25:00.578Z,price,BTC,70610.61000000,,,,,
2026-03-25T00:25:00.578Z,price,BTC,70610.62000000,,,,,
2026-03-25T00:25:00.578Z,price,BTC,70611.00000000,,,,,
2026-03-25T00:25:00.578Z,price,BTC,70611.36000000,,,,,
2026-03-25T00:25:00.578Z,price,BTC,70611.45000000,,,,,
2026-03-25T00:25:00.578Z,price,BTC,70611.46000000,,,,,
2026-03-25T00:25:00.578Z,price,BTC,70611.47000000,,,,,
2026-03-25T00:25:00.579Z,price,BTC,70611.74000000,,,,,
2026-03-25T00:25:00.579Z,price,BTC,70611.75000000,,,,,
2026-03-25T00:25:00.580Z,price,BTC,70612.07000000,,,,,
2026-03-25T00:25:00.580Z,price,BTC,70612.36000000,,,,,
2026-03-25T00:25:00.580Z,price,BTC,70612.38000000,,,,,
2026-03-25T00:25:00.580Z,price,BTC,70612.47000000,,,,,
2026-03-25T00:25:00.580Z,price,BTC,70612.50000000,,,,,
2026-03-25T00:25:00.580Z,price,BTC,70612.51000000,,,,,
2026-03-25T00:25:00.580Z,price,BTC,70612.61000000,,,,,
2026-03-25T00:25:00.580Z,price,BTC,70612.74000000,,,,,
2026-03-25T00:25:00.580Z,price,BTC,70612.95000000,,,,,
2026-03-25T00:25:00.721Z,price,ETH,2154.52000000,,,,,
2026-03-25T00:25:00.721Z,price,BTC,70613.11000000,,,,,
2026-03-25T00:25:00.833Z,price,ETH,2154.53000000,,,,,
2026-03-25T00:25:00.834Z,price,ETH,2154.54000000,,,,,
2026-03-25T00:25:00.834Z,price,ETH,2154.56000000,,,,,
2026-03-25T00:25:00.835Z,price,ETH,2154.57000000,,,,,
2026-03-25T00:25:00.835Z,price,ETH,2154.58000000,,,,,
2026-03-25T00:25:00.835Z,price,ETH,2154.60000000,,,,,
2026-03-25T00:25:00.846Z,price,ETH,2154.62000000,,,,,
2026-03-25T00:25:00.868Z,price,ETH,2154.63000000,,,,,
2026-03-25T00:25:00.869Z,price,ETH,2154.66000000,,,,,
2026-03-25T00:25:00.869Z,price,ETH,2154.67000000,,,,,
2026-03-25T00:25:00.870Z,price,ETH,2154.69000000,,,,,
2026-03-25T00:25:00.875Z,price,ETH,2154.70000000,,,,,
2026-03-25T00:25:00.897Z,price,BTC,70613.12000000,,,,,
2026-03-25T00:25:00.901Z,price,BTC,70613.13000000,,,,,
2026-03-25T00:25:00.903Z,price,BTC,70613.61000000,,,,,
2026-03-25T00:25:00.903Z,price,BTC,70613.65000000,,,,,
2026-03-25T00:25:00.903Z,price,BTC,70614.12000000,,,,,
2026-03-25T00:25:00.903Z,price,BTC,70614.32000000,,,,,
2026-03-25T00:25:00.903Z,price,BTC,70614.81000000,,,,,
2026-03-25T00:25:00.904Z,price,BTC,70615.02000000,,,,,
2026-03-25T00:25:00.905Z,price,BTC,70615.59000000,,,,,
2026-03-25T00:25:00.905Z,price,BTC,70615.62000000,,,,,
2026-03-25T00:25:00.905Z,price,BTC,70615.89000000,,,,,
2026-03-25T00:25:00.905Z,price,BTC,70616.00000000,,,,,
2026-03-25T00:25:00.905Z,price,BTC,70616.08000000,,,,,
2026-03-25T00:25:00.905Z,price,BTC,70616.09000000,,,,,
2026-03-25T00:25:00.907Z,price,ETH,2154.71000000,,,,,
2026-03-25T00:25:00.908Z,price,ETH,2154.72000000,,,,,
2026-03-25T00:25:00.908Z,price,ETH,2154.73000000,,,,,
2026-03-25T00:25:00.909Z,price,ETH,2154.74000000,,,,,
2026-03-25T00:25:00.909Z,price,ETH,2154.75000000,,,,,
2026-03-25T00:25:00.909Z,price,ETH,2154.76000000,,,,,
2026-03-25T00:25:00.909Z,price,ETH,2154.77000000,,,,,
2026-03-25T00:25:00.910Z,price,ETH,2154.78000000,,,,,
2026-03-25T00:25:00.910Z,price,ETH,2154.79000000,,,,,
2026-03-25T00:25:00.910Z,price,ETH,2154.80000000,,,,,
2026-03-25T00:25:00.921Z,price,BTC,70616.10000000,,,,,
2026-03-25T00:25:00.921Z,price,BTC,70616.47000000,,,,,
2026-03-25T00:25:00.921Z,price,BTC,70616.48000000,,,,,
2026-03-25T00:25:00.921Z,price,BTC,70616.56000000,,,,,
2026-03-25T00:25:00.921Z,price,BTC,70617.00000000,,,,,
2026-03-25T00:25:00.922Z,price,BTC,70617.38000000,,,,,
2026-03-25T00:25:00.922Z,price,BTC,70617.39000000,,,,,
2026-03-25T00:25:00.922Z,price,BTC,70617.65000000,,,,,
2026-03-25T00:25:00.922Z,price,BTC,70617.68000000,,,,,
2026-03-25T00:25:00.922Z,price,BTC,70617.88000000,,,,,
2026-03-25T00:25:00.922Z,price,BTC,70617.89000000,,,,,
2026-03-25T00:25:00.922Z,price,BTC,70618.00000000,,,,,
2026-03-25T00:25:00.922Z,price,BTC,70618.43000000,,,,,
2026-03-25T00:25:00.922Z,price,BTC,70618.86000000,,,,,
2026-03-25T00:25:00.923Z,price,BTC,70619.46000000,,,,,
2026-03-25T00:25:00.923Z,price,BTC,70620.00000000,,,,,
2026-03-25T00:25:00.923Z,price,BTC,70620.34000000,,,,,
2026-03-25T00:25:00.923Z,price,BTC,70620.53000000,,,,,
2026-03-25T00:25:00.923Z,price,BTC,70620.54000000,,,,,
2026-03-25T00:25:00.923Z,price,BTC,70621.18000000,,,,,
2026-03-25T00:25:00.923Z,price,BTC,70621.23000000,,,,,
2026-03-25T00:25:01.156Z,price,BTC,70621.48000000,,,,,
2026-03-25T00:25:01.239Z,price,BTC,70621.49000000,,,,,
2026-03-25T00:25:01.288Z,price,BTC,70621.48000000,,,,,
2026-03-25T00:25:01.298Z,price,ETH,2154.81000000,,,,,
2026-03-25T00:25:01.298Z,price,ETH,2154.83000000,,,,,
2026-03-25T00:25:01.298Z,price,ETH,2154.84000000,,,,,
2026-03-25T00:25:01.298Z,price,ETH,2154.85000000,,,,,
2026-03-25T00:25:01.566Z,price,ETH,2154.86000000,,,,,
2026-03-25T00:25:01.566Z,price,ETH,2154.87000000,,,,,
2026-03-25T00:25:01.570Z,price,ETH,2154.89000000,,,,,
2026-03-25T00:25:01.620Z,price,BTC,70621.49000000,,,,,
2026-03-25T00:25:01.622Z,price,BTC,70621.50000000,,,,,
2026-03-25T00:25:01.623Z,price,BTC,70621.93000000,,,,,
2026-03-25T00:25:01.623Z,price,BTC,70621.99000000,,,,,
2026-03-25T00:25:01.623Z,price,BTC,70622.00000000,,,,,
2026-03-25T00:25:01.623Z,price,BTC,70622.90000000,,,,,
2026-03-25T00:25:01.623Z,price,BTC,70622.94000000,,,,,
2026-03-25T00:25:01.623Z,price,BTC,70623.00000000,,,,,
2026-03-25T00:25:01.623Z,price,BTC,70623.14000000,,,,,
2026-03-25T00:25:01.623Z,price,BTC,70623.19000000,,,,,
2026-03-25T00:25:01.624Z,price,BTC,70624.00000000,,,,,
2026-03-25T00:25:01.624Z,price,BTC,70624.44000000,,,,,
2026-03-25T00:25:01.624Z,price,BTC,70624.71000000,,,,,
2026-03-25T00:25:01.624Z,price,BTC,70624.72000000,,,,,
2026-03-25T00:25:01.624Z,price,BTC,70624.98000000,,,,,
2026-03-25T00:25:01.624Z,price,BTC,70625.64000000,,,,,
2026-03-25T00:25:02.189Z,price,ETH,2154.88000000,,,,,
2026-03-25T00:25:03.048Z,price,ETH,2154.89000000,,,,,
2026-03-25T00:25:03.049Z,price,ETH,2154.90000000,,,,,
2026-03-25T00:25:03.049Z,price,ETH,2154.91000000,,,,,
2026-03-25T00:25:03.049Z,price,ETH,2154.92000000,,,,,
2026-03-25T00:25:03.049Z,price,ETH,2154.96000000,,,,,
2026-03-25T00:25:03.349Z,price,ETH,2154.95000000,,,,,
2026-03-25T00:25:03.416Z,price,ETH,2154.96000000,,,,,
2026-03-25T00:25:03.417Z,price,ETH,2154.97000000,,,,,
2026-03-25T00:25:03.418Z,price,ETH,2154.98000000,,,,,
2026-03-25T00:25:03.418Z,price,ETH,2154.99000000,,,,,
2026-03-25T00:25:03.419Z,price,ETH,2155.00000000,,,,,
2026-03-25T00:25:04.191Z,price,BTC,70625.65000000,,,,,
2026-03-25T00:25:04.286Z,price,BTC,70625.64000000,,,,,
2026-03-25T00:25:04.675Z,price,BTC,70625.65000000,,,,,
2026-03-25T00:25:04.710Z,price,BTC,70625.64000000,,,,,
2026-03-25T00:25:09.400Z,price,BTC,70625.65000000,,,,,
2026-03-25T00:25:09.616Z,price,BTC,70625.64000000,,,,,
2026-03-25T00:25:09.648Z,price,ETH,2155.01000000,,,,,
2026-03-25T00:25:09.650Z,price,ETH,2155.02000000,,,,,
2026-03-25T00:25:09.650Z,price,ETH,2155.05000000,,,,,
2026-03-25T00:25:10.611Z,price,BTC,70625.65000000,,,,,
2026-03-25T00:25:12.054Z,price,BTC,70625.64000000,,,,,
2026-03-25T00:25:12.208Z,price,BTC,70625.65000000,,,,,
2026-03-25T00:25:12.213Z,price,BTC,70625.66000000,,,,,
2026-03-25T00:25:12.214Z,price,BTC,70626.00000000,,,,,
2026-03-25T00:25:12.215Z,price,BTC,70626.50000000,,,,,
2026-03-25T00:25:12.215Z,price,BTC,70626.72000000,,,,,
2026-03-25T00:25:12.215Z,price,BTC,70626.76000000,,,,,
2026-03-25T00:25:12.215Z,price,BTC,70627.00000000,,,,,
2026-03-25T00:25:12.215Z,price,BTC,70627.19000000,,,,,
2026-03-25T00:25:12.215Z,price,BTC,70627.20000000,,,,,
2026-03-25T00:25:12.215Z,price,BTC,70627.32000000,,,,,
2026-03-25T00:25:12.215Z,price,BTC,70628.00000000,,,,,
2026-03-25T00:25:12.216Z,price,BTC,70628.24000000,,,,,
2026-03-25T00:25:12.216Z,price,BTC,70628.32000000,,,,,
2026-03-25T00:25:12.216Z,price,BTC,70629.03000000,,,,,
2026-03-25T00:25:12.216Z,price,BTC,70629.72000000,,,,,
2026-03-25T00:25:12.216Z,price,BTC,70629.87000000,,,,,
2026-03-25T00:25:12.216Z,price,BTC,70629.88000000,,,,,
2026-03-25T00:25:12.216Z,price,BTC,70629.89000000,,,,,
2026-03-25T00:25:13.091Z,price,ETH,2155.06000000,,,,,
2026-03-25T00:25:13.408Z,price,BTC,70629.88000000,,,,,
2026-03-25T00:25:16.099Z,price,ETH,2155.07000000,,,,,
2026-03-25T00:25:17.022Z,price,BTC,70629.89000000,,,,,
2026-03-25T00:25:19.635Z,price,BTC,70629.88000000,,,,,
2026-03-25T00:25:26.574Z,price,BTC,70629.89000000,,,,,
2026-03-25T00:25:27.122Z,price,BTC,70629.88000000,,,,,
2026-03-25T00:25:27.509Z,price,BTC,70629.89000000,,,,,
2026-03-25T00:25:28.879Z,price,BTC,70629.88000000,,,,,
2026-03-25T00:25:29.025Z,price,BTC,70629.89000000,,,,,
2026-03-25T00:25:30.504Z,price,BTC,70629.88000000,,,,,
2026-03-25T00:25:31.158Z,price,BTC,70629.89000000,,,,,
2026-03-25T00:25:31.163Z,price,ETH,2155.08000000,,,,,
2026-03-25T00:25:33.461Z,price,BTC,70629.88000000,,,,,
2026-03-25T00:25:34.200Z,price,BTC,70629.89000000,,,,,
2026-03-25T00:25:35.937Z,price,BTC,70629.88000000,,,,,
2026-03-25T00:25:36.152Z,price,ETH,2155.07000000,,,,,
2026-03-25T00:25:36.757Z,price,BTC,70629.89000000,,,,,
2026-03-25T00:25:37.772Z,price,BTC,70629.90000000,,,,,
2026-03-25T00:25:37.773Z,price,BTC,70629.99000000,,,,,
2026-03-25T00:25:37.773Z,price,BTC,70630.00000000,,,,,
2026-03-25T00:25:37.773Z,price,BTC,70630.27000000,,,,,
2026-03-25T00:25:37.773Z,price,BTC,70630.72000000,,,,,
2026-03-25T00:25:37.773Z,price,BTC,70630.98000000,,,,,
2026-03-25T00:25:37.773Z,price,BTC,70631.37000000,,,,,
2026-03-25T00:25:37.774Z,price,BTC,70631.38000000,,,,,
2026-03-25T00:25:38.130Z,price,BTC,70631.37000000,,,,,
2026-03-25T00:25:39.099Z,price,BTC,70631.38000000,,,,,
2026-03-25T00:25:39.476Z,price,BTC,70631.37000000,,,,,
2026-03-25T00:25:39.655Z,price,BTC,70631.38000000,,,,,
2026-03-25T00:25:39.905Z,price,ETH,2155.08000000,,,,,
2026-03-25T00:25:40.298Z,price,BTC,70631.37000000,,,,,
2026-03-25T00:25:40.625Z,price,BTC,70631.38000000,,,,,
2026-03-25T00:25:43.322Z,price,ETH,2155.09000000,,,,,
2026-03-25T00:25:43.323Z,price,ETH,2155.10000000,,,,,
2026-03-25T00:25:43.323Z,price,ETH,2155.11000000,,,,,
2026-03-25T00:25:43.323Z,price,ETH,2155.12000000,,,,,
2026-03-25T00:25:43.324Z,price,ETH,2155.13000000,,,,,
2026-03-25T00:25:43.325Z,price,ETH,2155.14000000,,,,,
2026-03-25T00:25:43.325Z,price,ETH,2155.15000000,,,,,
2026-03-25T00:25:43.325Z,price,ETH,2155.16000000,,,,,
2026-03-25T00:25:43.326Z,price,ETH,2155.18000000,,,,,
2026-03-25T00:25:43.326Z,price,ETH,2155.19000000,,,,,
2026-03-25T00:25:43.326Z,price,ETH,2155.20000000,,,,,
2026-03-25T00:25:43.326Z,price,ETH,2155.21000000,,,,,
2026-03-25T00:25:43.327Z,price,ETH,2155.22000000,,,,,
2026-03-25T00:25:43.327Z,price,ETH,2155.23000000,,,,,
2026-03-25T00:25:43.327Z,price,ETH,2155.25000000,,,,,
2026-03-25T00:25:43.328Z,price,ETH,2155.26000000,,,,,
2026-03-25T00:25:43.330Z,price,ETH,2155.27000000,,,,,
2026-03-25T00:25:43.330Z,price,ETH,2155.28000000,,,,,
2026-03-25T00:25:43.331Z,price,ETH,2155.29000000,,,,,
2026-03-25T00:25:43.331Z,price,ETH,2155.30000000,,,,,
2026-03-25T00:25:43.332Z,price,ETH,2155.32000000,,,,,
2026-03-25T00:25:43.332Z,price,ETH,2155.33000000,,,,,
2026-03-25T00:25:43.332Z,price,ETH,2155.34000000,,,,,
2026-03-25T00:25:43.333Z,price,ETH,2155.35000000,,,,,
2026-03-25T00:25:43.926Z,price,BTC,70631.37000000,,,,,
2026-03-25T00:25:44.152Z,price,ETH,2155.34000000,,,,,
2026-03-25T00:25:44.377Z,price,BTC,70631.38000000,,,,,
2026-03-25T00:25:44.414Z,price,BTC,70631.37000000,,,,,
2026-03-25T00:25:45.401Z,price,BTC,70631.38000000,,,,,
2026-03-25T00:25:45.965Z,price,BTC,70631.37000000,,,,,
2026-03-25T00:25:46.119Z,price,ETH,2155.33000000,,,,,
2026-03-25T00:25:46.172Z,price,ETH,2155.32000000,,,,,
2026-03-25T00:25:46.173Z,price,ETH,2155.31000000,,,,,
2026-03-25T00:25:46.174Z,price,ETH,2155.30000000,,,,,
2026-03-25T00:25:46.175Z,price,ETH,2155.29000000,,,,,
2026-03-25T00:25:46.175Z,price,ETH,2155.28000000,,,,,
2026-03-25T00:25:46.176Z,price,ETH,2155.27000000,,,,,
2026-03-25T00:25:46.176Z,price,ETH,2155.26000000,,,,,
2026-03-25T00:25:46.177Z,price,ETH,2155.25000000,,,,,
2026-03-25T00:25:46.178Z,price,ETH,2155.24000000,,,,,
2026-03-25T00:25:46.178Z,price,ETH,2155.22000000,,,,,
2026-03-25T00:25:46.179Z,price,ETH,2155.21000000,,,,,
2026-03-25T00:25:46.179Z,price,ETH,2155.20000000,,,,,
2026-03-25T00:25:46.179Z,price,ETH,2155.18000000,,,,,
2026-03-25T00:25:46.179Z,price,ETH,2155.17000000,,,,,
2026-03-25T00:25:46.581Z,price,BTC,70631.38000000,,,,,
2026-03-25T00:25:48.130Z,price,ETH,2155.16000000,,,,,
2026-03-25T00:25:48.131Z,price,ETH,2155.15000000,,,,,
2026-03-25T00:25:48.658Z,price,BTC,70631.37000000,,,,,
2026-03-25T00:25:48.773Z,price,BTC,70631.38000000,,,,,
2026-03-25T00:25:48.898Z,price,BTC,70631.37000000,,,,,
2026-03-25T00:25:49.698Z,price,ETH,2155.14000000,,,,,
2026-03-25T00:25:49.702Z,price,ETH,2155.13000000,,,,,
2026-03-25T00:25:49.703Z,price,ETH,2155.11000000,,,,,
2026-03-25T00:25:49.703Z,price,ETH,2155.10000000,,,,,
2026-03-25T00:25:49.704Z,price,ETH,2155.08000000,,,,,
2026-03-25T00:25:49.704Z,price,ETH,2155.07000000,,,,,
2026-03-25T00:25:49.705Z,price,ETH,2155.06000000,,,,,
2026-03-25T00:25:49.706Z,price,ETH,2155.05000000,,,,,
2026-03-25T00:25:49.706Z,price,ETH,2155.04000000,,,,,
2026-03-25T00:25:49.707Z,price,ETH,2155.03000000,,,,,
2026-03-25T00:25:49.707Z,price,ETH,2155.02000000,,,,,
2026-03-25T00:25:49.707Z,price,ETH,2155.01000000,,,,,
2026-03-25T00:25:49.708Z,price,ETH,2155.00000000,,,,,
2026-03-25T00:25:49.709Z,price,ETH,2154.97000000,,,,,
2026-03-25T00:25:49.709Z,price,ETH,2154.96000000,,,,,
2026-03-25T00:25:49.848Z,price,BTC,70631.38000000,,,,,
2026-03-25T00:25:53.343Z,price,BTC,70631.37000000,,,,,
2026-03-25T00:25:54.177Z,price,BTC,70631.38000000,,,,,
2026-03-25T00:25:55.519Z,price,BTC,70631.37000000,,,,,
2026-03-25T00:25:56.162Z,price,BTC,70631.38000000,,,,,
2026-03-25T00:25:56.394Z,price,ETH,2154.97000000,,,,,
2026-03-25T00:25:56.398Z,price,ETH,2154.98000000,,,,,
2026-03-25T00:25:56.399Z,price,ETH,2155.00000000,,,,,
2026-03-25T00:25:56.399Z,price,ETH,2155.01000000,,,,,
2026-03-25T00:25:56.400Z,price,ETH,2155.02000000,,,,,
2026-03-25T00:25:56.405Z,price,ETH,2155.04000000,,,,,
2026-03-25T00:25:56.423Z,price,BTC,70631.39000000,,,,,
2026-03-25T00:25:56.433Z,price,BTC,70631.77000000,,,,,
2026-03-25T00:25:56.433Z,price,BTC,70632.00000000,,,,,
2026-03-25T00:25:56.696Z,price,ETH,2155.03000000,,,,,
2026-03-25T00:25:56.786Z,price,ETH,2155.04000000,,,,,
2026-03-25T00:25:56.786Z,price,ETH,2155.05000000,,,,,
2026-03-25T00:25:57.285Z,price,BTC,70632.01000000,,,,,
2026-03-25T00:25:57.285Z,price,BTC,70632.13000000,,,,,
2026-03-25T00:25:57.286Z,price,BTC,70632.22000000,,,,,
2026-03-25T00:25:57.286Z,price,BTC,70632.30000000,,,,,
2026-03-25T00:25:57.286Z,price,BTC,70632.38000000,,,,,
2026-03-25T00:25:57.286Z,price,BTC,70632.39000000,,,,,
2026-03-25T00:25:57.286Z,price,BTC,70632.40000000,,,,,
2026-03-25T00:25:57.286Z,price,BTC,70632.83000000,,,,,
2026-03-25T00:25:57.286Z,price,BTC,70632.86000000,,,,,
2026-03-25T00:25:57.286Z,price,BTC,70633.12000000,,,,,
2026-03-25T00:25:57.286Z,price,BTC,70633.13000000,,,,,
2026-03-25T00:25:57.286Z,price,BTC,70633.64000000,,,,,
2026-03-25T00:25:57.286Z,price,BTC,70633.78000000,,,,,
2026-03-25T00:25:57.286Z,price,BTC,70634.00000000,,,,,
2026-03-25T00:25:57.286Z,price,BTC,70634.13000000,,,,,
2026-03-25T00:25:57.286Z,price,BTC,70634.15000000,,,,,
2026-03-25T00:25:57.286Z,price,BTC,70634.16000000,,,,,
2026-03-25T00:25:57.481Z,price,ETH,2155.10000000,,,,,
2026-03-25T00:25:57.926Z,price,ETH,2155.11000000,,,,,
2026-03-25T00:25:57.927Z,price,ETH,2155.12000000,,,,,
2026-03-25T00:25:57.927Z,price,ETH,2155.14000000,,,,,
2026-03-25T00:25:57.927Z,price,ETH,2155.15000000,,,,,
2026-03-25T00:25:57.928Z,price,ETH,2155.16000000,,,,,
2026-03-25T00:25:57.928Z,price,ETH,2155.17000000,,,,,
2026-03-25T00:25:57.929Z,price,ETH,2155.19000000,,,,,
2026-03-25T00:25:57.929Z,price,ETH,2155.20000000,,,,,
2026-03-25T00:25:57.930Z,price,ETH,2155.21000000,,,,,
2026-03-25T00:25:57.930Z,price,ETH,2155.22000000,,,,,
2026-03-25T00:26:00.144Z,price,BTC,70634.15000000,,,,,
2026-03-25T00:26:00.826Z,price,ETH,2155.21000000,,,,,
2026-03-25T00:26:01.236Z,price,BTC,70634.16000000,,,,,
2026-03-25T00:26:01.261Z,price,BTC,70634.15000000,,,,,
2026-03-25T00:26:03.100Z,price,BTC,70634.16000000,,,,,
2026-03-25T00:26:03.102Z,price,BTC,70634.17000000,,,,,
2026-03-25T00:26:03.103Z,price,BTC,70635.30000000,,,,,
2026-03-25T00:26:03.103Z,price,BTC,70635.46000000,,,,,
2026-03-25T00:26:03.103Z,price,BTC,70635.47000000,,,,,
2026-03-25T00:26:03.103Z,price,BTC,70635.48000000,,,,,
2026-03-25T00:26:03.143Z,price,BTC,70635.75000000,,,,,
2026-03-25T00:26:03.146Z,price,BTC,70635.76000000,,,,,
2026-03-25T00:26:03.146Z,price,BTC,70635.87000000,,,,,
2026-03-25T00:26:03.147Z,price,BTC,70636.00000000,,,,,
2026-03-25T00:26:03.147Z,price,BTC,70636.05000000,,,,,
2026-03-25T00:26:03.147Z,price,BTC,70636.30000000,,,,,
2026-03-25T00:26:03.147Z,price,BTC,70636.33000000,,,,,
2026-03-25T00:26:03.147Z,price,BTC,70635.87000000,,,,,
2026-03-25T00:26:03.148Z,price,BTC,70636.54000000,,,,,
2026-03-25T00:26:03.149Z,price,BTC,70636.55000000,,,,,
2026-03-25T00:26:03.149Z,price,BTC,70636.56000000,,,,,
2026-03-25T00:26:03.149Z,price,BTC,70637.09000000,,,,,
2026-03-25T00:26:03.149Z,price,BTC,70638.00000000,,,,,
2026-03-25T00:26:03.150Z,price,BTC,70638.16000000,,,,,
2026-03-25T00:26:03.150Z,price,BTC,70638.83000000,,,,,
2026-03-25T00:26:03.151Z,price,BTC,70638.96000000,,,,,
2026-03-25T00:26:03.151Z,price,BTC,70639.05000000,,,,,
2026-03-25T00:26:03.151Z,price,BTC,70639.06000000,,,,,
2026-03-25T00:26:03.151Z,price,BTC,70639.07000000,,,,,
2026-03-25T00:26:03.372Z,price,BTC,70639.47000000,,,,,
2026-03-25T00:26:03.374Z,price,BTC,70639.48000000,,,,,
2026-03-25T00:26:03.375Z,price,BTC,70639.75000000,,,,,
2026-03-25T00:26:03.375Z,price,BTC,70639.76000000,,,,,
2026-03-25T00:26:03.375Z,price,BTC,70640.00000000,,,,,
2026-03-25T00:26:03.375Z,price,BTC,70640.17000000,,,,,
2026-03-25T00:26:03.426Z,price,BTC,70640.49000000,,,,,
2026-03-25T00:26:03.428Z,price,BTC,70640.50000000,,,,,
2026-03-25T00:26:03.429Z,price,BTC,70640.60000000,,,,,
2026-03-25T00:26:03.429Z,price,BTC,70640.75000000,,,,,
2026-03-25T00:26:03.429Z,price,BTC,70641.62000000,,,,,
2026-03-25T00:26:03.429Z,price,BTC,70641.97000000,,,,,
2026-03-25T00:26:03.429Z,price,BTC,70641.98000000,,,,,
2026-03-25T00:26:03.469Z,price,BTC,70642.00000000,,,,,
2026-03-25T00:26:03.471Z,price,BTC,70642.01000000,,,,,
2026-03-25T00:26:03.472Z,price,BTC,70642.02000000,,,,,
2026-03-25T00:26:03.473Z,price,BTC,70642.36000000,,,,,
2026-03-25T00:26:03.473Z,price,BTC,70642.88000000,,,,,
2026-03-25T00:26:03.473Z,price,BTC,70643.04000000,,,,,
2026-03-25T00:26:03.473Z,price,BTC,70643.20000000,,,,,
2026-03-25T00:26:03.473Z,price,BTC,70643.66000000,,,,,
2026-03-25T00:26:03.473Z,price,BTC,70644.00000000,,,,,
2026-03-25T00:26:03.474Z,price,BTC,70644.28000000,,,,,
2026-03-25T00:26:03.474Z,price,BTC,70644.38000000,,,,,
2026-03-25T00:26:03.474Z,price,BTC,70644.63000000,,,,,
2026-03-25T00:26:03.474Z,price,BTC,70644.89000000,,,,,
2026-03-25T00:26:03.474Z,price,BTC,70645.78000000,,,,,
2026-03-25T00:26:03.497Z,price,ETH,2155.22000000,,,,,
2026-03-25T00:26:03.499Z,price,ETH,2155.23000000,,,,,
2026-03-25T00:26:03.499Z,price,ETH,2155.26000000,,,,,
2026-03-25T00:26:03.499Z,price,ETH,2155.27000000,,,,,
2026-03-25T00:26:03.499Z,price,ETH,2155.28000000,,,,,
2026-03-25T00:26:03.500Z,price,ETH,2155.29000000,,,,,
2026-03-25T00:26:03.501Z,price,ETH,2155.30000000,,,,,
2026-03-25T00:26:03.501Z,price,ETH,2155.31000000,,,,,
2026-03-25T00:26:03.501Z,price,ETH,2155.32000000,,,,,
2026-03-25T00:26:03.501Z,price,ETH,2155.33000000,,,,,
2026-03-25T00:26:03.502Z,price,ETH,2155.34000000,,,,,
2026-03-25T00:26:03.502Z,price,ETH,2155.35000000,,,,,
2026-03-25T00:26:03.502Z,price,ETH,2155.36000000,,,,,
2026-03-25T00:26:03.502Z,price,ETH,2155.37000000,,,,,
2026-03-25T00:26:03.502Z,price,ETH,2155.38000000,,,,,
2026-03-25T00:26:03.503Z,price,ETH,2155.39000000,,,,,
2026-03-25T00:26:03.753Z,price,BTC,70645.79000000,,,,,
2026-03-25T00:26:04.099Z,price,BTC,70645.78000000,,,,,
2026-03-25T00:26:04.190Z,price,BTC,70645.79000000,,,,,
2026-03-25T00:26:04.210Z,price,BTC,70645.78000000,,,,,
2026-03-25T00:26:05.879Z,price,BTC,70645.79000000,,,,,
2026-03-25T00:26:06.526Z,price,BTC,70645.78000000,,,,,
2026-03-25T00:26:07.134Z,price,BTC,70645.79000000,,,,,
2026-03-25T00:26:07.844Z,price,BTC,70645.78000000,,,,,
2026-03-25T00:26:10.207Z,price,ETH,2155.40000000,,,,,
2026-03-25T00:26:10.208Z,price,ETH,2155.41000000,,,,,
2026-03-25T00:26:10.208Z,price,ETH,2155.42000000,,,,,
2026-03-25T00:26:10.209Z,price,ETH,2155.43000000,,,,,
2026-03-25T00:26:10.209Z,price,ETH,2155.44000000,,,,,
2026-03-25T00:26:10.209Z,price,ETH,2155.48000000,,,,,
2026-03-25T00:26:10.209Z,price,ETH,2155.49000000,,,,,
2026-03-25T00:26:10.210Z,price,ETH,2155.50000000,,,,,
2026-03-25T00:26:10.210Z,price,ETH,2155.51000000,,,,,
2026-03-25T00:26:10.210Z,price,ETH,2155.52000000,,,,,
2026-03-25T00:26:10.211Z,price,ETH,2155.53000000,,,,,
2026-03-25T00:26:10.211Z,price,ETH,2155.55000000,,,,,
2026-03-25T00:26:13.488Z,price,ETH,2155.56000000,,,,,
2026-03-25T00:26:13.909Z,price,ETH,2155.57000000,,,,,
2026-03-25T00:26:13.947Z,price,ETH,2155.58000000,,,,,
2026-03-25T00:26:14.705Z,price,BTC,70645.79000000,,,,,
2026-03-25T00:26:16.421Z,price,ETH,2155.59000000,,,,,
2026-03-25T00:26:18.049Z,price,ETH,2155.60000000,,,,,
2026-03-25T00:26:18.050Z,price,ETH,2155.63000000,,,,,
2026-03-25T00:26:18.050Z,price,ETH,2155.64000000,,,,,
2026-03-25T00:26:18.050Z,price,ETH,2155.65000000,,,,,
2026-03-25T00:26:18.267Z,price,ETH,2155.64000000,,,,,
2026-03-25T00:26:18.406Z,price,BTC,70645.78000000,,,,,
2026-03-25T00:26:18.604Z,price,ETH,2155.65000000,,,,,
2026-03-25T00:26:18.658Z,price,BTC,70645.79000000,,,,,
2026-03-25T00:26:19.039Z,price,BTC,70645.78000000,,,,,
2026-03-25T00:26:19.150Z,price,BTC,70645.79000000,,,,,
2026-03-25T00:26:19.235Z,price,ETH,2155.64000000,,,,,
2026-03-25T00:26:21.568Z,price,ETH,2155.65000000,,,,,
2026-03-25T00:26:21.570Z,price,ETH,2155.66000000,,,,,
2026-03-25T00:26:22.455Z,price,BTC,70645.78000000,,,,,
2026-03-25T00:26:23.703Z,price,BTC,70645.79000000,,,,,
2026-03-25T00:26:24.401Z,price,ETH,2155.67000000,,,,,
2026-03-25T00:26:24.402Z,price,ETH,2155.68000000,,,,,
2026-03-25T00:26:24.403Z,price,ETH,2155.69000000,,,,,
2026-03-25T00:26:24.403Z,price,ETH,2155.70000000,,,,,
2026-03-25T00:26:24.403Z,price,ETH,2155.71000000,,,,,
2026-03-25T00:26:24.487Z,price,BTC,70645.78000000,,,,,
2026-03-25T00:26:24.536Z,price,ETH,2155.72000000,,,,,
2026-03-25T00:26:24.536Z,price,ETH,2155.73000000,,,,,
2026-03-25T00:26:24.538Z,price,ETH,2155.74000000,,,,,
2026-03-25T00:26:24.538Z,price,ETH,2155.75000000,,,,,
2026-03-25T00:26:24.539Z,price,ETH,2155.76000000,,,,,
2026-03-25T00:26:24.539Z,price,ETH,2155.77000000,,,,,
2026-03-25T00:26:24.540Z,price,ETH,2155.78000000,,,,,
2026-03-25T00:26:24.540Z,price,ETH,2155.80000000,,,,,
2026-03-25T00:26:24.542Z,price,ETH,2155.81000000,,,,,
2026-03-25T00:26:24.542Z,price,ETH,2155.82000000,,,,,
2026-03-25T00:26:24.543Z,price,ETH,2155.84000000,,,,,
2026-03-25T00:26:24.543Z,price,ETH,2155.85000000,,,,,
2026-03-25T00:26:24.569Z,price,BTC,70645.79000000,,,,,
2026-03-25T00:26:24.570Z,price,BTC,70645.80000000,,,,,
2026-03-25T00:26:24.571Z,price,BTC,70645.89000000,,,,,
2026-03-25T00:26:24.571Z,price,BTC,70646.00000000,,,,,
2026-03-25T00:26:24.571Z,price,BTC,70646.18000000,,,,,
2026-03-25T00:26:24.571Z,price,BTC,70646.21000000,,,,,
2026-03-25T00:26:24.571Z,price,BTC,70646.94000000,,,,,
2026-03-25T00:26:24.571Z,price,BTC,70647.99000000,,,,,
2026-03-25T00:26:24.571Z,price,BTC,70648.00000000,,,,,
2026-03-25T00:26:24.571Z,price,BTC,70648.06000000,,,,,
2026-03-25T00:26:24.571Z,price,BTC,70648.07000000,,,,,
2026-03-25T00:26:24.571Z,price,BTC,70648.19000000,,,,,
2026-03-25T00:26:24.572Z,price,BTC,70648.20000000,,,,,
2026-03-25T00:26:24.572Z,price,BTC,70649.02000000,,,,,
2026-03-25T00:26:24.572Z,price,BTC,70649.42000000,,,,,
2026-03-25T00:26:24.572Z,price,BTC,70649.46000000,,,,,
2026-03-25T00:26:24.572Z,price,BTC,70649.60000000,,,,,
2026-03-25T00:26:24.572Z,price,BTC,70650.00000000,,,,,
2026-03-25T00:26:24.572Z,price,BTC,70650.01000000,,,,,
2026-03-25T00:26:24.572Z,price,BTC,70650.02000000,,,,,
2026-03-25T00:26:24.671Z,price,ETH,2155.86000000,,,,,
2026-03-25T00:26:24.677Z,price,ETH,2155.87000000,,,,,
2026-03-25T00:26:24.679Z,price,ETH,2155.88000000,,,,,
2026-03-25T00:26:24.679Z,price,ETH,2155.89000000,,,,,
2026-03-25T00:26:24.680Z,price,ETH,2155.90000000,,,,,
2026-03-25T00:26:24.680Z,price,ETH,2155.91000000,,,,,
2026-03-25T00:26:24.842Z,price,BTC,70650.03000000,,,,,
2026-03-25T00:26:25.283Z,price,ETH,2155.92000000,,,,,
2026-03-25T00:26:27.063Z,price,BTC,70650.02000000,,,,,
2026-03-25T00:26:27.240Z,price,ETH,2155.91000000,,,,,
2026-03-25T00:26:27.646Z,price,ETH,2155.92000000,,,,,
2026-03-25T00:26:28.304Z,price,ETH,2155.91000000,,,,,
2026-03-25T00:26:29.328Z,price,BTC,70650.03000000,,,,,
2026-03-25T00:26:30.105Z,price,BTC,70650.02000000,,,,,
2026-03-25T00:26:30.152Z,price,BTC,70650.03000000,,,,,
2026-03-25T00:26:30.157Z,price,BTC,70650.04000000,,,,,
2026-03-25T00:26:30.158Z,price,BTC,70650.36000000,,,,,
2026-03-25T00:26:30.159Z,price,BTC,70650.56000000,,,,,
2026-03-25T00:26:30.159Z,price,BTC,70651.13000000,,,,,
2026-03-25T00:26:30.159Z,price,BTC,70651.29000000,,,,,
2026-03-25T00:26:30.159Z,price,BTC,70651.30000000,,,,,
2026-03-25T00:26:30.159Z,price,BTC,70651.84000000,,,,,
2026-03-25T00:26:30.159Z,price,BTC,70652.00000000,,,,,
2026-03-25T00:26:30.160Z,price,BTC,70652.26000000,,,,,
2026-03-25T00:26:30.160Z,price,BTC,70652.95000000,,,,,
2026-03-25T00:26:30.160Z,price,BTC,70653.25000000,,,,,
2026-03-25T00:26:30.160Z,price,BTC,70653.42000000,,,,,
2026-03-25T00:26:30.160Z,price,BTC,70654.00000000,,,,,
2026-03-25T00:26:30.160Z,price,BTC,70654.04000000,,,,,
2026-03-25T00:26:30.160Z,price,BTC,70654.17000000,,,,,
2026-03-25T00:26:30.160Z,price,BTC,70654.31000000,,,,,
2026-03-25T00:26:30.161Z,price,BTC,70654.92000000,,,,,
2026-03-25T00:26:30.161Z,price,BTC,70654.97000000,,,,,
2026-03-25T00:26:30.161Z,price,BTC,70655.30000000,,,,,
2026-03-25T00:26:30.161Z,price,BTC,70655.31000000,,,,,
2026-03-25T00:26:30.161Z,price,BTC,70655.32000000,,,,,
2026-03-25T00:26:30.161Z,price,BTC,70655.35000000,,,,,
2026-03-25T00:26:30.161Z,price,BTC,70655.36000000,,,,,
2026-03-25T00:26:30.954Z,price,BTC,70655.35000000,,,,,
2026-03-25T00:26:31.141Z,price,BTC,70655.36000000,,,,,
2026-03-25T00:26:31.375Z,price,BTC,70655.35000000,,,,,
2026-03-25T00:26:31.930Z,price,BTC,70655.36000000,,,,,
2026-03-25T00:26:32.157Z,price,ETH,2155.92000000,,,,,
2026-03-25T00:26:32.751Z,price,ETH,2155.91000000,,,,,
2026-03-25T00:26:33.135Z,price,BTC,70655.35000000,,,,,
2026-03-25T00:26:33.176Z,price,ETH,2155.92000000,,,,,
2026-03-25T00:26:33.177Z,price,ETH,2155.93000000,,,,,
2026-03-25T00:26:33.177Z,price,ETH,2155.94000000,,,,,
2026-03-25T00:26:33.178Z,price,ETH,2155.95000000,,,,,
2026-03-25T00:26:33.178Z,price,ETH,2155.96000000,,,,,
2026-03-25T00:26:33.178Z,price,ETH,2155.97000000,,,,,
2026-03-25T00:26:33.180Z,price,ETH,2155.98000000,,,,,
2026-03-25T00:26:33.180Z,price,ETH,2155.99000000,,,,,
2026-03-25T00:26:33.180Z,price,ETH,2156.00000000,,,,,
2026-03-25T00:26:33.181Z,price,ETH,2156.01000000,,,,,
2026-03-25T00:26:33.181Z,price,ETH,2156.03000000,,,,,
2026-03-25T00:26:33.182Z,price,ETH,2156.04000000,,,,,
2026-03-25T00:26:33.195Z,price,ETH,2156.05000000,,,,,
2026-03-25T00:26:33.196Z,price,ETH,2156.06000000,,,,,
2026-03-25T00:26:33.197Z,price,ETH,2156.07000000,,,,,
2026-03-25T00:26:33.197Z,price,ETH,2156.08000000,,,,,
2026-03-25T00:26:33.197Z,price,ETH,2156.10000000,,,,,
2026-03-25T00:26:33.198Z,price,ETH,2156.12000000,,,,,
2026-03-25T00:26:33.215Z,price,ETH,2156.13000000,,,,,
2026-03-25T00:26:33.216Z,price,ETH,2156.14000000,,,,,
2026-03-25T00:26:33.219Z,price,ETH,2156.15000000,,,,,
2026-03-25T00:26:33.239Z,price,ETH,2156.16000000,,,,,
2026-03-25T00:26:33.241Z,price,BTC,70655.36000000,,,,,
2026-03-25T00:26:33.241Z,price,ETH,2156.17000000,,,,,
2026-03-25T00:26:33.242Z,price,ETH,2156.18000000,,,,,
2026-03-25T00:26:33.242Z,price,ETH,2156.19000000,,,,,
2026-03-25T00:26:33.243Z,price,ETH,2156.20000000,,,,,
2026-03-25T00:26:33.244Z,price,BTC,70655.37000000,,,,,
2026-03-25T00:26:33.244Z,price,BTC,70656.00000000,,,,,
2026-03-25T00:26:33.244Z,price,BTC,70656.04000000,,,,,
2026-03-25T00:26:33.244Z,price,BTC,70656.48000000,,,,,
2026-03-25T00:26:33.244Z,price,BTC,70657.23000000,,,,,
2026-03-25T00:26:33.261Z,price,ETH,2156.21000000,,,,,
2026-03-25T00:26:33.263Z,price,ETH,2156.22000000,,,,,
2026-03-25T00:26:33.273Z,price,BTC,70657.51000000,,,,,
2026-03-25T00:26:33.276Z,price,BTC,70657.52000000,,,,,
2026-03-25T00:26:33.277Z,price,BTC,70657.58000000,,,,,
2026-03-25T00:26:33.277Z,price,BTC,70657.62000000,,,,,
2026-03-25T00:26:33.277Z,price,BTC,70658.00000000,,,,,
2026-03-25T00:26:33.277Z,price,BTC,70658.07000000,,,,,
2026-03-25T00:26:33.277Z,price,BTC,70658.17000000,,,,,
2026-03-25T00:26:33.277Z,price,BTC,70659.58000000,,,,,
2026-03-25T00:26:33.277Z,price,BTC,70660.00000000,,,,,
2026-03-25T00:26:33.277Z,price,BTC,70660.01000000,,,,,
2026-03-25T00:26:33.277Z,price,BTC,70660.03000000,,,,,
2026-03-25T00:26:33.278Z,price,BTC,70660.24000000,,,,,
2026-03-25T00:26:33.278Z,price,BTC,70660.64000000,,,,,
2026-03-25T00:26:33.278Z,price,BTC,70661.05000000,,,,,
2026-03-25T00:26:33.278Z,price,BTC,70661.06000000,,,,,
2026-03-25T00:26:33.278Z,price,BTC,70661.24000000,,,,,
2026-03-25T00:26:33.278Z,price,BTC,70661.25000000,,,,,
2026-03-25T00:26:33.278Z,price,BTC,70661.40000000,,,,,
2026-03-25T00:26:33.278Z,price,BTC,70662.00000000,,,,,
2026-03-25T00:26:33.278Z,price,BTC,70662.34000000,,,,,
2026-03-25T00:26:33.278Z,price,BTC,70662.62000000,,,,,
2026-03-25T00:26:33.278Z,price,BTC,70662.90000000,,,,,
2026-03-25T00:26:33.278Z,price,BTC,70663.18000000,,,,,
2026-03-25T00:26:33.278Z,price,BTC,70663.31000000,,,,,
2026-03-25T00:26:33.279Z,price,BTC,70663.46000000,,,,,
2026-03-25T00:26:33.279Z,price,BTC,70663.54000000,,,,,
2026-03-25T00:26:33.279Z,price,BTC,70664.00000000,,,,,
2026-03-25T00:26:33.279Z,price,BTC,70664.16000000,,,,,
2026-03-25T00:26:33.279Z,price,BTC,70664.66000000,,,,,
2026-03-25T00:26:33.279Z,price,BTC,70664.72000000,,,,,
2026-03-25T00:26:33.279Z,price,BTC,70664.86000000,,,,,
2026-03-25T00:26:33.279Z,price,BTC,70664.87000000,,,,,
2026-03-25T00:26:33.279Z,price,BTC,70664.89000000,,,,,
2026-03-25T00:26:33.311Z,price,ETH,2156.23000000,,,,,
2026-03-25T00:26:33.312Z,price,ETH,2156.24000000,,,,,
2026-03-25T00:26:33.321Z,price,ETH,2156.28000000,,,,,
2026-03-25T00:26:33.323Z,price,ETH,2156.29000000,,,,,
2026-03-25T00:26:33.324Z,price,ETH,2156.30000000,,,,,
2026-03-25T00:26:33.325Z,price,ETH,2156.31000000,,,,,
2026-03-25T00:26:33.325Z,price,ETH,2156.32000000,,,,,
2026-03-25T00:26:33.325Z,price,ETH,2156.34000000,,,,,
2026-03-25T00:26:33.325Z,price,ETH,2156.35000000,,,,,
2026-03-25T00:26:33.326Z,price,ETH,2156.36000000,,,,,
2026-03-25T00:26:33.326Z,price,ETH,2156.37000000,,,,,
2026-03-25T00:26:33.326Z,price,ETH,2156.40000000,,,,,
2026-03-25T00:26:33.326Z,price,ETH,2156.41000000,,,,,
2026-03-25T00:26:33.326Z,price,ETH,2156.42000000,,,,,
2026-03-25T00:26:33.327Z,price,ETH,2156.43000000,,,,,
2026-03-25T00:26:33.327Z,price,ETH,2156.44000000,,,,,
2026-03-25T00:26:33.327Z,price,ETH,2156.43000000,,,,,
2026-03-25T00:26:33.346Z,price,BTC,70665.07000000,,,,,
2026-03-25T00:26:33.368Z,price,BTC,70665.08000000,,,,,
2026-03-25T00:26:33.370Z,price,BTC,70665.09000000,,,,,
2026-03-25T00:26:33.371Z,price,BTC,70665.42000000,,,,,
2026-03-25T00:26:33.682Z,price,BTC,70665.43000000,,,,,
2026-03-25T00:26:33.685Z,price,BTC,70665.44000000,,,,,
2026-03-25T00:26:33.687Z,price,BTC,70665.56000000,,,,,
2026-03-25T00:26:33.687Z,price,BTC,70665.57000000,,,,,
2026-03-25T00:26:33.687Z,price,BTC,70666.00000000,,,,,
2026-03-25T00:26:33.688Z,price,BTC,70666.01000000,,,,,
2026-03-25T00:26:33.688Z,price,BTC,70667.07000000,,,,,
2026-03-25T00:26:33.688Z,price,BTC,70667.08000000,,,,,
2026-03-25T00:26:33.862Z,price,BTC,70667.99000000,,,,,
2026-03-25T00:26:33.865Z,price,ETH,2156.44000000,,,,,
2026-03-25T00:26:34.192Z,price,ETH,2156.43000000,,,,,
2026-03-25T00:26:35.360Z,price,BTC,70668.00000000,,,,,
2026-03-25T00:26:35.440Z,price,BTC,70667.99000000,,,,,
2026-03-25T00:26:35.920Z,price,BTC,70668.00000000,,,,,
2026-03-25T00:26:35.921Z,price,BTC,70668.01000000,,,,,
2026-03-25T00:26:35.921Z,price,BTC,70668.22000000,,,,,
2026-03-25T00:26:35.921Z,price,BTC,70669.08000000,,,,,
2026-03-25T00:26:35.921Z,price,BTC,70669.09000000,,,,,
2026-03-25T00:26:35.921Z,price,BTC,70669.20000000,,,,,
2026-03-25T00:26:35.921Z,price,BTC,70669.49000000,,,,,
2026-03-25T00:26:35.922Z,price,BTC,70669.98000000,,,,,
2026-03-25T00:26:35.922Z,price,BTC,70669.99000000,,,,,
2026-03-25T00:26:35.922Z,price,BTC,70670.00000000,,,,,
2026-03-25T00:26:35.922Z,price,BTC,70670.60000000,,,,,
2026-03-25T00:26:35.922Z,price,BTC,70670.88000000,,,,,
2026-03-25T00:26:35.922Z,price,BTC,70671.81000000,,,,,
2026-03-25T00:26:35.922Z,price,BTC,70671.85000000,,,,,
2026-03-25T00:26:35.922Z,price,BTC,70671.86000000,,,,,
2026-03-25T00:26:36.581Z,price,BTC,70671.88000000,,,,,
2026-03-25T00:26:37.617Z,price,BTC,70671.89000000,,,,,
2026-03-25T00:26:37.702Z,price,BTC,70671.88000000,,,,,
2026-03-25T00:26:38.643Z,price,BTC,70671.89000000,,,,,
2026-03-25T00:26:38.743Z,price,BTC,70671.88000000,,,,,
2026-03-25T00:26:39.893Z,price,ETH,2156.44000000,,,,,
2026-03-25T00:26:40.183Z,price,BTC,70671.89000000,,,,,
2026-03-25T00:26:42.268Z,price,ETH,2156.43000000,,,,,
2026-03-25T00:26:42.315Z,price,ETH,2156.42000000,,,,,
2026-03-25T00:26:42.318Z,price,ETH,2156.41000000,,,,,
2026-03-25T00:26:42.320Z,price,ETH,2156.40000000,,,,,
2026-03-25T00:26:42.322Z,price,ETH,2156.39000000,,,,,
2026-03-25T00:26:42.322Z,price,ETH,2156.38000000,,,,,
2026-03-25T00:26:42.322Z,price,ETH,2156.37000000,,,,,
2026-03-25T00:26:42.322Z,price,ETH,2156.36000000,,,,,
2026-03-25T00:26:42.323Z,price,ETH,2156.35000000,,,,,
2026-03-25T00:26:42.323Z,price,ETH,2156.34000000,,,,,
2026-03-25T00:26:42.323Z,price,ETH,2156.33000000,,,,,
2026-03-25T00:26:42.323Z,price,ETH,2156.32000000,,,,,
2026-03-25T00:26:42.323Z,price,ETH,2156.31000000,,,,,
2026-03-25T00:26:42.323Z,price,ETH,2156.30000000,,,,,
2026-03-25T00:26:42.323Z,price,ETH,2156.27000000,,,,,
2026-03-25T00:26:42.323Z,price,ETH,2156.25000000,,,,,
2026-03-25T00:26:42.392Z,price,BTC,70671.88000000,,,,,
2026-03-25T00:26:42.397Z,price,BTC,70671.87000000,,,,,
2026-03-25T00:26:42.398Z,price,BTC,70671.57000000,,,,,
2026-03-25T00:26:42.398Z,price,BTC,70670.60000000,,,,,
2026-03-25T00:26:42.398Z,price,BTC,70669.48000000,,,,,
2026-03-25T00:26:42.398Z,price,BTC,70668.74000000,,,,,
2026-03-25T00:26:42.398Z,price,BTC,70668.01000000,,,,,
2026-03-25T00:26:42.399Z,price,BTC,70668.00000000,,,,,
2026-03-25T00:26:44.281Z,price,BTC,70667.99000000,,,,,
2026-03-25T00:26:44.284Z,price,BTC,70668.00000000,,,,,
2026-03-25T00:26:45.038Z,price,ETH,2156.24000000,,,,,
2026-03-25T00:26:45.039Z,price,ETH,2156.25000000,,,,,
2026-03-25T00:26:47.030Z,price,BTC,70667.99000000,,,,,
2026-03-25T00:26:47.612Z,price,ETH,2156.24000000,,,,,
2026-03-25T00:26:47.632Z,price,BTC,70667.98000000,,,,,
2026-03-25T00:26:47.633Z,price,BTC,70667.31000000,,,,,
2026-03-25T00:26:47.633Z,price,BTC,70667.30000000,,,,,
2026-03-25T00:26:47.633Z,price,BTC,70667.07000000,,,,,
2026-03-25T00:26:47.634Z,price,BTC,70667.06000000,,,,,
2026-03-25T00:26:47.647Z,price,BTC,70666.63000000,,,,,
2026-03-25T00:26:47.669Z,price,BTC,70666.62000000,,,,,
2026-03-25T00:26:47.669Z,price,BTC,70665.99000000,,,,,
2026-03-25T00:26:47.669Z,price,BTC,70665.93000000,,,,,
2026-03-25T00:26:47.669Z,price,BTC,70665.56000000,,,,,
2026-03-25T00:26:47.669Z,price,BTC,70665.43000000,,,,,
2026-03-25T00:26:47.762Z,price,ETH,2156.23000000,,,,,
2026-03-25T00:26:47.763Z,price,ETH,2156.22000000,,,,,
2026-03-25T00:26:47.765Z,price,ETH,2156.21000000,,,,,
2026-03-25T00:26:47.765Z,price,ETH,2156.20000000,,,,,
2026-03-25T00:26:47.766Z,price,ETH,2156.19000000,,,,,
2026-03-25T00:26:47.767Z,price,ETH,2156.18000000,,,,,
2026-03-25T00:26:47.768Z,price,ETH,2156.17000000,,,,,
2026-03-25T00:26:47.769Z,price,ETH,2156.16000000,,,,,
2026-03-25T00:26:47.769Z,price,ETH,2156.15000000,,,,,
2026-03-25T00:26:47.770Z,price,ETH,2156.14000000,,,,,
2026-03-25T00:26:47.770Z,price,ETH,2156.13000000,,,,,
2026-03-25T00:26:47.770Z,price,ETH,2156.12000000,,,,,
2026-03-25T00:26:47.771Z,price,ETH,2156.11000000,,,,,
2026-03-25T00:26:47.771Z,price,ETH,2156.10000000,,,,,
2026-03-25T00:26:47.771Z,price,ETH,2156.09000000,,,,,
2026-03-25T00:26:47.772Z,price,ETH,2156.08000000,,,,,
2026-03-25T00:26:47.772Z,price,ETH,2156.07000000,,,,,
2026-03-25T00:26:47.772Z,price,ETH,2156.06000000,,,,,
2026-03-25T00:26:47.772Z,price,ETH,2156.05000000,,,,,
2026-03-25T00:26:47.773Z,price,ETH,2156.04000000,,,,,
2026-03-25T00:26:47.773Z,price,ETH,2156.03000000,,,,,
2026-03-25T00:26:47.773Z,price,ETH,2156.00000000,,,,,
2026-03-25T00:26:47.774Z,price,ETH,2155.99000000,,,,,
2026-03-25T00:26:48.169Z,price,BTC,70665.42000000,,,,,
2026-03-25T00:26:51.191Z,price,ETH,2155.98000000,,,,,
2026-03-25T00:26:53.106Z,price,BTC,70665.41000000,,,,,
2026-03-25T00:26:53.106Z,price,BTC,70665.08000000,,,,,
2026-03-25T00:26:53.106Z,price,BTC,70665.07000000,,,,,
2026-03-25T00:26:53.106Z,price,BTC,70664.87000000,,,,,
2026-03-25T00:26:53.106Z,price,BTC,70664.65000000,,,,,
2026-03-25T00:26:53.106Z,price,BTC,70664.16000000,,,,,
2026-03-25T00:26:53.107Z,price,BTC,70663.54000000,,,,,
2026-03-25T00:26:53.107Z,price,BTC,70663.25000000,,,,,
2026-03-25T00:26:53.107Z,price,BTC,70662.90000000,,,,,
2026-03-25T00:26:53.107Z,price,BTC,70662.63000000,,,,,
2026-03-25T00:26:53.122Z,price,BTC,70661.83000000,,,,,
2026-03-25T00:26:53.170Z,price,BTC,70661.82000000,,,,,
2026-03-25T00:26:53.170Z,price,BTC,70661.81000000,,,,,
2026-03-25T00:26:53.171Z,price,BTC,70661.06000000,,,,,
2026-03-25T00:26:53.171Z,price,BTC,70660.62000000,,,,,
2026-03-25T00:26:53.171Z,price,BTC,70660.61000000,,,,,
2026-03-25T00:26:53.171Z,price,BTC,70660.24000000,,,,,
2026-03-25T00:26:53.171Z,price,BTC,70660.02000000,,,,,
2026-03-25T00:26:53.171Z,price,BTC,70660.01000000,,,,,
2026-03-25T00:26:53.171Z,price,BTC,70659.53000000,,,,,
2026-03-25T00:26:53.171Z,price,BTC,70659.05000000,,,,,
2026-03-25T00:26:53.172Z,price,BTC,70659.01000000,,,,,
2026-03-25T00:26:53.172Z,price,BTC,70659.00000000,,,,,
2026-03-25T00:26:53.172Z,price,BTC,70658.99000000,,,,,
2026-03-25T00:26:53.172Z,price,BTC,70658.89000000,,,,,
2026-03-25T00:26:53.172Z,price,BTC,70658.17000000,,,,,
2026-03-25T00:26:53.172Z,price,BTC,70658.09000000,,,,,
2026-03-25T00:26:53.172Z,price,BTC,70658.08000000,,,,,
2026-03-25T00:26:53.202Z,price,ETH,2155.99000000,,,,,
2026-03-25T00:26:53.495Z,price,BTC,70658.07000000,,,,,
2026-03-25T00:26:54.741Z,price,ETH,2155.98000000,,,,,
2026-03-25T00:26:54.743Z,price,ETH,2155.97000000,,,,,
2026-03-25T00:26:54.744Z,price,ETH,2155.96000000,,,,,
2026-03-25T00:26:54.744Z,price,ETH,2155.95000000,,,,,
2026-03-25T00:26:54.744Z,price,ETH,2155.94000000,,,,,
2026-03-25T00:26:54.744Z,price,ETH,2155.93000000,,,,,
2026-03-25T00:26:54.747Z,price,ETH,2155.92000000,,,,,
2026-03-25T00:26:54.748Z,price,ETH,2155.91000000,,,,,
2026-03-25T00:26:54.748Z,price,ETH,2155.90000000,,,,,
2026-03-25T00:26:54.749Z,price,ETH,2155.89000000,,,,,
2026-03-25T00:26:54.750Z,price,BTC,70658.06000000,,,,,
2026-03-25T00:26:54.750Z,price,ETH,2155.88000000,,,,,
2026-03-25T00:26:54.750Z,price,BTC,70657.58000000,,,,,
2026-03-25T00:26:54.750Z,price,BTC,70657.24000000,,,,,
2026-03-25T00:26:54.750Z,price,BTC,70657.03000000,,,,,
2026-03-25T00:26:54.750Z,price,BTC,70656.69000000,,,,,
2026-03-25T00:26:54.750Z,price,BTC,70656.48000000,,,,,
2026-03-25T00:26:54.750Z,price,ETH,2155.87000000,,,,,
2026-03-25T00:26:54.750Z,price,BTC,70656.04000000,,,,,
2026-03-25T00:26:54.750Z,price,BTC,70655.93000000,,,,,
2026-03-25T00:26:54.751Z,price,BTC,70654.97000000,,,,,
2026-03-25T00:26:54.751Z,price,ETH,2155.86000000,,,,,
2026-03-25T00:26:54.751Z,price,ETH,2155.85000000,,,,,
2026-03-25T00:26:54.752Z,price,BTC,70654.92000000,,,,,
2026-03-25T00:26:54.752Z,price,BTC,70654.41000000,,,,,
2026-03-25T00:26:54.752Z,price,BTC,70654.05000000,,,,,
2026-03-25T00:26:54.753Z,price,BTC,70653.87000000,,,,,
2026-03-25T00:26:54.753Z,price,BTC,70653.83000000,,,,,
2026-03-25T00:26:54.753Z,price,BTC,70653.82000000,,,,,
2026-03-25T00:26:54.754Z,price,BTC,70653.81000000,,,,,
2026-03-25T00:26:54.754Z,price,BTC,70653.80000000,,,,,
2026-03-25T00:26:54.766Z,price,BTC,70653.43000000,,,,,
2026-03-25T00:26:54.768Z,price,ETH,2155.84000000,,,,,
2026-03-25T00:26:54.769Z,price,ETH,2155.83000000,,,,,
2026-03-25T00:26:54.770Z,price,ETH,2155.82000000,,,,,
2026-03-25T00:26:54.770Z,price,ETH,2155.81000000,,,,,
2026-03-25T00:26:54.770Z,price,ETH,2155.80000000,,,,,
2026-03-25T00:26:54.770Z,price,ETH,2155.79000000,,,,,
2026-03-25T00:26:54.824Z,price,ETH,2155.78000000,,,,,
2026-03-25T00:26:54.963Z,price,BTC,70653.42000000,,,,,
2026-03-25T00:26:54.964Z,price,BTC,70653.41000000,,,,,
2026-03-25T00:26:54.964Z,price,BTC,70652.95000000,,,,,
2026-03-25T00:26:54.965Z,price,BTC,70652.26000000,,,,,
2026-03-25T00:26:54.965Z,price,BTC,70650.58000000,,,,,
2026-03-25T00:26:54.965Z,price,BTC,70650.56000000,,,,,
2026-03-25T00:26:54.965Z,price,BTC,70650.47000000,,,,,
2026-03-25T00:26:54.965Z,price,BTC,70649.89000000,,,,,
2026-03-25T00:26:54.965Z,price,BTC,70649.60000000,,,,,
2026-03-25T00:26:54.965Z,price,BTC,70649.46000000,,,,,
2026-03-25T00:26:54.966Z,price,BTC,70649.42000000,,,,,
2026-03-25T00:26:54.966Z,price,BTC,70648.33000000,,,,,
2026-03-25T00:26:54.966Z,price,BTC,70648.05000000,,,,,
2026-03-25T00:26:55.297Z,price,BTC,70647.58000000,,,,,
2026-03-25T00:26:55.362Z,price,ETH,2155.77000000,,,,,
2026-03-25T00:26:55.363Z,price,ETH,2155.76000000,,,,,
2026-03-25T00:26:55.363Z,price,ETH,2155.75000000,,,,,
2026-03-25T00:26:55.364Z,price,ETH,2155.74000000,,,,,
2026-03-25T00:26:55.364Z,price,ETH,2155.73000000,,,,,
2026-03-25T00:26:55.364Z,price,ETH,2155.72000000,,,,,
2026-03-25T00:26:55.371Z,price,ETH,2155.71000000,,,,,
2026-03-25T00:26:55.373Z,price,ETH,2155.70000000,,,,,
2026-03-25T00:26:55.376Z,price,ETH,2155.69000000,,,,,
2026-03-25T00:26:55.379Z,price,ETH,2155.68000000,,,,,
2026-03-25T00:26:55.429Z,price,ETH,2155.67000000,,,,,
2026-03-25T00:26:56.340Z,price,ETH,2155.66000000,,,,,
2026-03-25T00:26:56.343Z,price,ETH,2155.65000000,,,,,
2026-03-25T00:26:56.344Z,price,ETH,2155.64000000,,,,,
2026-03-25T00:26:56.344Z,price,ETH,2155.63000000,,,,,
2026-03-25T00:26:56.345Z,price,ETH,2155.62000000,,,,,
2026-03-25T00:26:56.345Z,price,ETH,2155.61000000,,,,,
2026-03-25T00:26:56.346Z,price,ETH,2155.60000000,,,,,
2026-03-25T00:26:56.347Z,price,BTC,70647.57000000,,,,,
2026-03-25T00:26:56.347Z,price,ETH,2155.59000000,,,,,
2026-03-25T00:26:56.347Z,price,ETH,2155.58000000,,,,,
2026-03-25T00:26:56.347Z,price,BTC,70647.33000000,,,,,
2026-03-25T00:26:56.348Z,price,BTC,70646.95000000,,,,,
2026-03-25T00:26:56.348Z,price,BTC,70646.94000000,,,,,
2026-03-25T00:26:56.348Z,price,ETH,2155.57000000,,,,,
2026-03-25T00:26:56.348Z,price,BTC,70646.67000000,,,,,
2026-03-25T00:26:56.348Z,price,ETH,2155.56000000,,,,,
2026-03-25T00:26:56.349Z,price,ETH,2155.55000000,,,,,
2026-03-25T00:26:56.349Z,price,ETH,2155.53000000,,,,,
2026-03-25T00:26:56.349Z,price,ETH,2155.52000000,,,,,
2026-03-25T00:26:56.350Z,price,ETH,2155.51000000,,,,,
2026-03-25T00:26:56.369Z,price,BTC,70646.66000000,,,,,
2026-03-25T00:26:56.373Z,price,BTC,70646.65000000,,,,,
2026-03-25T00:26:56.374Z,price,BTC,70645.89000000,,,,,
2026-03-25T00:26:56.375Z,price,BTC,70645.80000000,,,,,
2026-03-25T00:26:56.376Z,price,BTC,70645.79000000,,,,,
2026-03-25T00:26:56.382Z,price,BTC,70645.78000000,,,,,
2026-03-25T00:26:56.528Z,price,BTC,70645.79000000,,,,,
2026-03-25T00:26:56.970Z,price,BTC,70645.78000000,,,,,
2026-03-25T00:26:56.971Z,price,BTC,70645.77000000,,,,,
2026-03-25T00:26:56.971Z,price,BTC,70645.51000000,,,,,
2026-03-25T00:26:56.971Z,price,BTC,70645.12000000,,,,,
2026-03-25T00:26:56.971Z,price,BTC,70644.81000000,,,,,
2026-03-25T00:26:56.971Z,price,BTC,70644.37000000,,,,,
2026-03-25T00:26:56.971Z,price,BTC,70644.28000000,,,,,
2026-03-25T00:26:56.971Z,price,BTC,70643.84000000,,,,,
2026-03-25T00:26:56.971Z,price,BTC,70643.40000000,,,,,
2026-03-25T00:26:56.971Z,price,BTC,70643.23000000,,,,,
2026-03-25T00:26:56.972Z,price,BTC,70642.88000000,,,,,
2026-03-25T00:26:56.972Z,price,BTC,70642.36000000,,,,,
2026-03-25T00:26:56.972Z,price,BTC,70642.00000000,,,,,
2026-03-25T00:26:56.972Z,price,BTC,70641.99000000,,,,,
2026-03-25T00:26:56.972Z,price,BTC,70641.98000000,,,,,
2026-03-25T00:26:56.972Z,price,BTC,70641.62000000,,,,,
2026-03-25T00:26:56.972Z,price,BTC,70641.10000000,,,,,
2026-03-25T00:26:56.972Z,price,BTC,70641.09000000,,,,,
2026-03-25T00:26:56.972Z,price,BTC,70640.40000000,,,,,
2026-03-25T00:26:56.972Z,price,BTC,70640.11000000,,,,,
2026-03-25T00:26:57.251Z,price,ETH,2155.50000000,,,,,
2026-03-25T00:26:57.252Z,price,ETH,2155.49000000,,,,,
2026-03-25T00:26:57.252Z,price,ETH,2155.48000000,,,,,
2026-03-25T00:26:57.252Z,price,ETH,2155.46000000,,,,,
2026-03-25T00:26:57.518Z,price,BTC,70640.10000000,,,,,
2026-03-25T00:26:57.530Z,price,BTC,70640.11000000,,,,,
2026-03-25T00:27:00.482Z,price,ETH,2155.45000000,,,,,
2026-03-25T00:27:00.649Z,price,BTC,70640.10000000,,,,,
2026-03-25T00:27:00.700Z,price,BTC,70640.11000000,,,,,
2026-03-25T00:27:01.189Z,price,ETH,2155.46000000,,,,,
2026-03-25T00:27:02.189Z,price,BTC,70640.10000000,,,,,
2026-03-25T00:27:02.193Z,price,BTC,70640.11000000,,,,,
2026-03-25T00:27:02.279Z,price,BTC,70640.10000000,,,,,
2026-03-25T00:27:02.792Z,price,BTC,70640.11000000,,,,,
2026-03-25T00:27:03.991Z,price,BTC,70640.10000000,,,,,
2026-03-25T00:27:04.191Z,price,BTC,70640.11000000,,,,,
2026-03-25T00:27:04.268Z,price,BTC,70640.10000000,,,,,
2026-03-25T00:27:04.979Z,price,BTC,70640.11000000,,,,,
2026-03-25T00:27:05.142Z,price,ETH,2155.45000000,,,,,
2026-03-25T00:27:05.149Z,price,ETH,2155.44000000,,,,,
2026-03-25T00:27:05.150Z,price,ETH,2155.43000000,,,,,
2026-03-25T00:27:05.151Z,price,ETH,2155.42000000,,,,,
2026-03-25T00:27:05.151Z,price,ETH,2155.41000000,,,,,
2026-03-25T00:27:05.151Z,price,ETH,2155.40000000,,,,,
2026-03-25T00:27:05.152Z,price,ETH,2155.39000000,,,,,
2026-03-25T00:27:05.152Z,price,ETH,2155.38000000,,,,,
2026-03-25T00:27:05.153Z,price,ETH,2155.37000000,,,,,
2026-03-25T00:27:05.153Z,price,ETH,2155.36000000,,,,,
2026-03-25T00:27:05.153Z,price,ETH,2155.34000000,,,,,
2026-03-25T00:27:05.154Z,price,ETH,2155.33000000,,,,,
2026-03-25T00:27:05.154Z,price,ETH,2155.32000000,,,,,
2026-03-25T00:27:05.275Z,price,ETH,2155.31000000,,,,,
2026-03-25T00:27:05.276Z,price,ETH,2155.30000000,,,,,
2026-03-25T00:27:05.604Z,price,ETH,2155.29000000,,,,,
2026-03-25T00:27:05.605Z,price,ETH,2155.28000000,,,,,
2026-03-25T00:27:05.605Z,price,ETH,2155.27000000,,,,,
2026-03-25T00:27:05.606Z,price,ETH,2155.26000000,,,,,
2026-03-25T00:27:05.612Z,price,ETH,2155.24000000,,,,,
2026-03-25T00:27:05.614Z,price,ETH,2155.23000000,,,,,
2026-03-25T00:27:05.614Z,price,ETH,2155.22000000,,,,,
2026-03-25T00:27:05.615Z,price,ETH,2155.21000000,,,,,
2026-03-25T00:27:05.616Z,price,ETH,2155.20000000,,,,,
2026-03-25T00:27:05.616Z,price,ETH,2155.18000000,,,,,
2026-03-25T00:27:05.618Z,price,ETH,2155.17000000,,,,,
2026-03-25T00:27:05.618Z,price,ETH,2155.16000000,,,,,
2026-03-25T00:27:05.618Z,price,ETH,2155.15000000,,,,,
2026-03-25T00:27:05.618Z,price,ETH,2155.14000000,,,,,
2026-03-25T00:27:05.618Z,price,ETH,2155.13000000,,,,,
2026-03-25T00:27:05.619Z,price,ETH,2155.12000000,,,,,
2026-03-25T00:27:05.620Z,price,ETH,2155.11000000,,,,,
2026-03-25T00:27:05.620Z,price,ETH,2155.10000000,,,,,
2026-03-25T00:27:05.622Z,price,ETH,2155.09000000,,,,,
2026-03-25T00:27:05.622Z,price,ETH,2155.08000000,,,,,
2026-03-25T00:27:05.623Z,price,ETH,2155.07000000,,,,,
2026-03-25T00:27:05.624Z,price,ETH,2155.06000000,,,,,
2026-03-25T00:27:05.624Z,price,ETH,2155.05000000,,,,,
2026-03-25T00:27:05.624Z,price,ETH,2155.03000000,,,,,
2026-03-25T00:27:05.624Z,price,ETH,2155.02000000,,,,,
2026-03-25T00:27:05.625Z,price,ETH,2155.01000000,,,,,
2026-03-25T00:27:05.632Z,price,BTC,70640.10000000,,,,,
2026-03-25T00:27:05.634Z,price,BTC,70640.09000000,,,,,
2026-03-25T00:27:05.634Z,price,BTC,70640.03000000,,,,,
2026-03-25T00:27:05.635Z,price,BTC,70640.02000000,,,,,
2026-03-25T00:27:05.635Z,price,BTC,70640.01000000,,,,,
2026-03-25T00:27:05.635Z,price,BTC,70640.00000000,,,,,
2026-03-25T00:27:05.635Z,price,BTC,70638.96000000,,,,,
2026-03-25T00:27:05.635Z,price,BTC,70638.94000000,,,,,
2026-03-25T00:27:05.635Z,price,BTC,70638.93000000,,,,,
2026-03-25T00:27:05.635Z,price,BTC,70638.83000000,,,,,
2026-03-25T00:27:05.635Z,price,BTC,70638.47000000,,,,,
2026-03-25T00:27:05.646Z,price,ETH,2155.00000000,,,,,
2026-03-25T00:27:05.648Z,price,ETH,2154.99000000,,,,,
2026-03-25T00:27:05.651Z,price,BTC,70638.46000000,,,,,
2026-03-25T00:27:05.652Z,price,BTC,70638.45000000,,,,,
2026-03-25T00:27:05.653Z,price,BTC,70638.02000000,,,,,
2026-03-25T00:27:05.653Z,price,BTC,70638.01000000,,,,,
2026-03-25T00:27:05.653Z,price,BTC,70638.00000000,,,,,
2026-03-25T00:27:05.653Z,price,BTC,70637.68000000,,,,,
2026-03-25T00:27:05.653Z,price,BTC,70636.84000000,,,,,
2026-03-25T00:27:05.653Z,price,BTC,70636.83000000,,,,,
2026-03-25T00:27:05.653Z,price,BTC,70636.72000000,,,,,
2026-03-25T00:27:05.654Z,price,BTC,70636.30000000,,,,,
2026-03-25T00:27:05.654Z,price,BTC,70636.00000000,,,,,
2026-03-25T00:27:05.654Z,price,BTC,70635.39000000,,,,,
2026-03-25T00:27:05.654Z,price,BTC,70635.30000000,,,,,
2026-03-25T00:27:05.654Z,price,BTC,70635.07000000,,,,,
2026-03-25T00:27:05.654Z,price,BTC,70634.58000000,,,,,
2026-03-25T00:27:05.654Z,price,BTC,70634.57000000,,,,,
2026-03-25T00:27:05.659Z,price,BTC,70634.18000000,,,,,
2026-03-25T00:27:05.660Z,price,BTC,70634.17000000,,,,,
2026-03-25T00:27:05.698Z,price,BTC,70634.18000000,,,,,
2026-03-25T00:27:05.740Z,price,ETH,2154.98000000,,,,,
2026-03-25T00:27:05.755Z,price,ETH,2154.97000000,,,,,
2026-03-25T00:27:05.757Z,price,ETH,2154.96000000,,,,,
2026-03-25T00:27:05.758Z,price,ETH,2154.93000000,,,,,
2026-03-25T00:27:05.758Z,price,ETH,2154.92000000,,,,,
2026-03-25T00:27:05.758Z,price,ETH,2154.90000000,,,,,
2026-03-25T00:27:05.759Z,price,ETH,2154.89000000,,,,,
2026-03-25T00:27:05.759Z,price,ETH,2154.87000000,,,,,
2026-03-25T00:27:05.760Z,price,ETH,2154.86000000,,,,,
2026-03-25T00:27:05.760Z,price,ETH,2154.85000000,,,,,
2026-03-25T00:27:05.760Z,price,ETH,2154.84000000,,,,,
2026-03-25T00:27:05.760Z,price,ETH,2154.83000000,,,,,
2026-03-25T00:27:05.761Z,price,ETH,2154.82000000,,,,,
2026-03-25T00:27:05.761Z,price,ETH,2154.81000000,,,,,
2026-03-25T00:27:05.929Z,price,BTC,70634.17000000,,,,,
2026-03-25T00:27:06.446Z,price,BTC,70634.18000000,,,,,
2026-03-25T00:27:06.633Z,price,BTC,70634.17000000,,,,,
2026-03-25T00:27:06.636Z,price,BTC,70634.16000000,,,,,
2026-03-25T00:27:06.637Z,price,BTC,70634.00000000,,,,,
2026-03-25T00:27:06.637Z,price,BTC,70633.78000000,,,,,
2026-03-25T00:27:06.637Z,price,BTC,70633.64000000,,,,,
2026-03-25T00:27:06.637Z,price,BTC,70633.55000000,,,,,
2026-03-25T00:27:06.637Z,price,BTC,70632.73000000,,,,,
2026-03-25T00:27:06.637Z,price,BTC,70632.00000000,,,,,
2026-03-25T00:27:06.637Z,price,BTC,70631.77000000,,,,,
2026-03-25T00:27:06.638Z,price,BTC,70631.65000000,,,,,
2026-03-25T00:27:08.803Z,price,ETH,2154.80000000,,,,,
2026-03-25T00:27:09.157Z,price,BTC,70631.64000000,,,,,
2026-03-25T00:27:09.710Z,price,ETH,2154.79000000,,,,,
2026-03-25T00:27:09.710Z,price,ETH,2154.78000000,,,,,
2026-03-25T00:27:09.711Z,price,ETH,2154.77000000,,,,,
2026-03-25T00:27:09.711Z,price,ETH,2154.76000000,,,,,
2026-03-25T00:27:11.409Z,price,ETH,2154.75000000,,,,,
2026-03-25T00:27:11.410Z,price,ETH,2154.74000000,,,,,
2026-03-25T00:27:11.412Z,price,ETH,2154.73000000,,,,,
2026-03-25T00:27:11.413Z,price,ETH,2154.72000000,,,,,
2026-03-25T00:27:11.413Z,price,ETH,2154.71000000,,,,,
2026-03-25T00:27:11.413Z,price,ETH,2154.70000000,,,,,
2026-03-25T00:27:11.414Z,price,ETH,2154.69000000,,,,,
2026-03-25T00:27:11.414Z,price,ETH,2154.68000000,,,,,
2026-03-25T00:27:11.415Z,price,ETH,2154.67000000,,,,,
2026-03-25T00:27:11.415Z,price,ETH,2154.66000000,,,,,
2026-03-25T00:27:11.415Z,price,ETH,2154.65000000,,,,,
2026-03-25T00:27:11.415Z,price,ETH,2154.64000000,,,,,
2026-03-25T00:27:11.416Z,price,ETH,2154.63000000,,,,,
2026-03-25T00:27:12.090Z,price,BTC,70631.65000000,,,,,
2026-03-25T00:27:13.305Z,price,BTC,70631.64000000,,,,,
2026-03-25T00:27:13.671Z,price,ETH,2154.64000000,,,,,
2026-03-25T00:27:13.674Z,price,ETH,2154.65000000,,,,,
2026-03-25T00:27:13.901Z,price,ETH,2154.69000000,,,,,
2026-03-25T00:27:13.902Z,price,ETH,2154.70000000,,,,,
2026-03-25T00:27:13.903Z,price,ETH,2154.73000000,,,,,
2026-03-25T00:27:14.305Z,price,ETH,2154.74000000,,,,,
2026-03-25T00:27:14.306Z,price,ETH,2154.75000000,,,,,
2026-03-25T00:27:14.307Z,price,ETH,2154.76000000,,,,,
2026-03-25T00:27:14.307Z,price,ETH,2154.80000000,,,,,
2026-03-25T00:27:14.308Z,price,ETH,2154.81000000,,,,,
2026-03-25T00:27:14.311Z,price,ETH,2154.83000000,,,,,
2026-03-25T00:27:14.311Z,price,ETH,2154.84000000,,,,,
2026-03-25T00:27:14.312Z,price,ETH,2154.85000000,,,,,
2026-03-25T00:27:14.312Z,price,ETH,2154.86000000,,,,,
2026-03-25T00:27:14.312Z,price,ETH,2154.87000000,,,,,
2026-03-25T00:27:14.313Z,price,ETH,2154.88000000,,,,,
2026-03-25T00:27:14.313Z,price,ETH,2154.90000000,,,,,
2026-03-25T00:27:14.368Z,price,ETH,2154.91000000,,,,,
2026-03-25T00:27:14.424Z,price,ETH,2154.92000000,,,,,
2026-03-25T00:27:14.425Z,price,ETH,2154.93000000,,,,,
2026-03-25T00:27:14.425Z,price,ETH,2154.95000000,,,,,
2026-03-25T00:27:14.426Z,price,ETH,2154.96000000,,,,,
2026-03-25T00:27:14.426Z,price,ETH,2154.97000000,,,,,
2026-03-25T00:27:14.426Z,price,ETH,2154.98000000,,,,,
2026-03-25T00:27:14.427Z,price,ETH,2154.99000000,,,,,
2026-03-25T00:27:14.427Z,price,ETH,2155.00000000,,,,,
2026-03-25T00:27:14.428Z,price,ETH,2155.01000000,,,,,
2026-03-25T00:27:14.811Z,price,BTC,70631.65000000,,,,,
2026-03-25T00:27:16.479Z,price,BTC,70631.64000000,,,,,
2026-03-25T00:27:16.617Z,price,ETH,2155.00000000,,,,,
2026-03-25T00:27:16.864Z,price,BTC,70631.65000000,,,,,
2026-03-25T00:27:17.573Z,price,ETH,2155.01000000,,,,,
2026-03-25T00:27:17.573Z,price,ETH,2155.02000000,,,,,
2026-03-25T00:27:17.574Z,price,ETH,2155.03000000,,,,,
2026-03-25T00:27:17.575Z,price,ETH,2155.04000000,,,,,
2026-03-25T00:27:17.575Z,price,ETH,2155.06000000,,,,,
2026-03-25T00:27:17.576Z,price,ETH,2155.07000000,,,,,
2026-03-25T00:27:17.577Z,price,ETH,2155.08000000,,,,,
2026-03-25T00:27:17.577Z,price,ETH,2155.10000000,,,,,
2026-03-25T00:27:17.578Z,price,ETH,2155.11000000,,,,,
2026-03-25T00:27:17.578Z,price,ETH,2155.12000000,,,,,
2026-03-25T00:27:17.579Z,price,ETH,2155.13000000,,,,,
2026-03-25T00:27:17.579Z,price,ETH,2155.14000000,,,,,
2026-03-25T00:27:17.580Z,price,ETH,2155.15000000,,,,,
2026-03-25T00:27:17.580Z,price,ETH,2155.16000000,,,,,
2026-03-25T00:27:17.580Z,price,ETH,2155.17000000,,,,,
2026-03-25T00:27:17.581Z,price,ETH,2155.18000000,,,,,
2026-03-25T00:27:18.198Z,price,BTC,70631.64000000,,,,,
2026-03-25T00:27:19.710Z,price,ETH,2155.17000000,,,,,
2026-03-25T00:27:20.030Z,price,ETH,2155.18000000,,,,,
2026-03-25T00:27:20.330Z,price,ETH,2155.17000000,,,,,
2026-03-25T00:27:21.074Z,price,BTC,70631.65000000,,,,,
2026-03-25T00:27:21.246Z,price,ETH,2155.18000000,,,,,
2026-03-25T00:27:21.632Z,price,BTC,70631.64000000,,,,,
2026-03-25T00:27:22.503Z,price,ETH,2155.19000000,,,,,
2026-03-25T00:27:22.503Z,price,ETH,2155.20000000,,,,,
2026-03-25T00:27:22.504Z,price,ETH,2155.21000000,,,,,
2026-03-25T00:27:22.504Z,price,ETH,2155.22000000,,,,,
2026-03-25T00:27:22.504Z,price,ETH,2155.23000000,,,,,
2026-03-25T00:27:22.504Z,price,ETH,2155.24000000,,,,,
2026-03-25T00:27:22.505Z,price,ETH,2155.26000000,,,,,
2026-03-25T00:27:22.505Z,price,ETH,2155.28000000,,,,,
2026-03-25T00:27:22.505Z,price,ETH,2155.29000000,,,,,
2026-03-25T00:27:22.505Z,price,ETH,2155.30000000,,,,,
2026-03-25T00:27:23.044Z,price,ETH,2155.29000000,,,,,
2026-03-25T00:27:24.940Z,price,ETH,2155.30000000,,,,,
2026-03-25T00:27:26.919Z,price,ETH,2155.31000000,,,,,
2026-03-25T00:27:26.931Z,price,BTC,70631.65000000,,,,,
2026-03-25T00:27:26.934Z,price,ETH,2155.32000000,,,,,
2026-03-25T00:27:26.938Z,price,ETH,2155.33000000,,,,,
2026-03-25T00:27:26.955Z,price,ETH,2155.34000000,,,,,
2026-03-25T00:27:26.975Z,price,BTC,70631.66000000,,,,,
2026-03-25T00:27:26.975Z,price,BTC,70631.69000000,,,,,
2026-03-25T00:27:26.975Z,price,BTC,70631.70000000,,,,,
2026-03-25T00:27:26.976Z,price,BTC,70631.77000000,,,,,
2026-03-25T00:27:26.976Z,price,BTC,70631.78000000,,,,,
2026-03-25T00:27:26.976Z,price,BTC,70631.99000000,,,,,
2026-03-25T00:27:26.976Z,price,BTC,70632.18000000,,,,,
2026-03-25T00:27:26.976Z,price,BTC,70632.19000000,,,,,
2026-03-25T00:27:26.977Z,price,BTC,70632.73000000,,,,,
2026-03-25T00:27:26.977Z,price,BTC,70632.74000000,,,,,
2026-03-25T00:27:26.977Z,price,BTC,70633.94000000,,,,,
2026-03-25T00:27:26.977Z,price,ETH,2155.35000000,,,,,
2026-03-25T00:27:26.980Z,price,ETH,2155.36000000,,,,,
2026-03-25T00:27:26.981Z,price,ETH,2155.38000000,,,,,
2026-03-25T00:27:26.992Z,price,BTC,70633.98000000,,,,,
2026-03-25T00:27:26.994Z,price,BTC,70633.99000000,,,,,
2026-03-25T00:27:27.061Z,price,ETH,2155.39000000,,,,,
2026-03-25T00:27:27.064Z,price,ETH,2155.40000000,,,,,
2026-03-25T00:27:27.064Z,price,ETH,2155.41000000,,,,,
2026-03-25T00:27:27.065Z,price,ETH,2155.42000000,,,,,
2026-03-25T00:27:27.065Z,price,ETH,2155.43000000,,,,,
2026-03-25T00:27:27.081Z,price,BTC,70634.00000000,,,,,
2026-03-25T00:27:27.081Z,price,BTC,70634.17000000,,,,,
2026-03-25T00:27:27.081Z,price,BTC,70634.18000000,,,,,
2026-03-25T00:27:27.082Z,price,BTC,70634.19000000,,,,,
2026-03-25T00:27:27.082Z,price,BTC,70634.58000000,,,,,
2026-03-25T00:27:27.082Z,price,BTC,70635.30000000,,,,,
2026-03-25T00:27:27.082Z,price,BTC,70636.09000000,,,,,
2026-03-25T00:27:27.082Z,price,BTC,70636.55000000,,,,,
2026-03-25T00:27:27.082Z,price,BTC,70636.56000000,,,,,
2026-03-25T00:27:27.083Z,price,BTC,70636.77000000,,,,,
2026-03-25T00:27:27.083Z,price,BTC,70636.85000000,,,,,
2026-03-25T00:27:27.083Z,price,BTC,70637.32000000,,,,,
2026-03-25T00:27:27.084Z,price,BTC,70637.33000000,,,,,
2026-03-25T00:27:27.084Z,price,BTC,70637.39000000,,,,,
2026-03-25T00:27:27.093Z,price,BTC,70638.14000000,,,,,
2026-03-25T00:27:27.120Z,price,ETH,2155.44000000,,,,,
2026-03-25T00:27:27.120Z,price,ETH,2155.45000000,,,,,
2026-03-25T00:27:27.120Z,price,ETH,2155.46000000,,,,,
2026-03-25T00:27:27.120Z,price,ETH,2155.47000000,,,,,
2026-03-25T00:27:27.121Z,price,ETH,2155.48000000,,,,,
2026-03-25T00:27:27.121Z,price,ETH,2155.49000000,,,,,
2026-03-25T00:27:27.121Z,price,ETH,2155.50000000,,,,,
2026-03-25T00:27:27.121Z,price,ETH,2155.51000000,,,,,
2026-03-25T00:27:27.121Z,price,ETH,2155.52000000,,,,,
2026-03-25T00:27:27.121Z,price,ETH,2155.54000000,,,,,
2026-03-25T00:27:27.122Z,price,ETH,2155.55000000,,,,,
2026-03-25T00:27:27.122Z,price,ETH,2155.56000000,,,,,
2026-03-25T00:27:27.122Z,price,ETH,2155.57000000,,,,,
2026-03-25T00:27:27.122Z,price,ETH,2155.58000000,,,,,
2026-03-25T00:27:27.122Z,price,ETH,2155.59000000,,,,,
2026-03-25T00:27:27.122Z,price,ETH,2155.60000000,,,,,
